1986 3571
945 319 969 392 [
1049 333 1122 389 24
1198 321 1220 394 ]

343 453 511 524 ipsum
538 448 915 501 Monasterium
945 449 1270 502 Constantini
1299 451 1629 524 Imperatoris
1661 454 1806 510 fuiffe'

341 541 534 611 Regale
562 540 841 612 templum,
889 553 1043 612 atque
1061 541 1199 611 juffu
1236 542 1344 611 ejus
1374 543 1666 599 dedicatum
1695 547 1804 600 fore

339 632 394 682 in
415 630 609 682 honore
630 632 680 682 S.
703 629 955 699 Johannis
976 633 1312 703 Evangelistae
1339 631 1367 684 a
1394 636 1577 687 Sancto
1598 638 1805 708 Agritio

339 720 614 775 venerabili
643 719 1106 794 Archi-Episcopo
1131 743 1142 774 :
1177 724 1237 775 In
1268 744 1372 795 quo
1399 725 1638 778 videlicet
1665 740 1803 781 tem-

338 816 449 886 plo,
505 827 563 866 ut
598 814 736 867 idem
773 815 921 866 Pater
966 815 1262 885 Monasterij
1295 816 1474 869 nostrae
1530 819 1807 890 Regalitati

340 919 478 958 certa
504 904 745 957 relatione
771 904 1030 977 patefecit,
1080 907 1283 958 Helena
1309 907 1443 959 sacra
1487 907 1682 961 famula
1708 930 1802 982 pe-

335 1012 495 1062 tente,
534 1012 584 1051 et
609 998 828 1061 favente,
874 999 1186 1071 supradictus
1217 1001 1503 1072 Imperator
1549 1020 1798 1073 pauperes

336 1089 534 1143 Christi
570 1091 918 1161 congregavit,
973 1090 1140 1161 eisque
1178 1092 1347 1142 virum
1378 1093 1479 1143 Dei
1506 1090 1802 1160 Johannem

335 1182 627 1255 praeposuit,
675 1193 733 1232 ut
759 1182 812 1233 in
843 1182 1055 1233 Servitio
1094 1182 1195 1232 Dei
1222 1181 1416 1252 semper
1454 1195 1707 1246 vacarent,
1752 1196 1803 1236 et

336 1292 432 1344 pro
460 1273 506 1325 se
532 1272 849 1324 orationibus
886 1272 1182 1334 infisterent,
1222 1284 1272 1323 et
1299 1272 1501 1343 insuper
1529 1273 1668 1324 illius
1698 1273 1803 1326 loci

335 1363 708 1416 habitationem
737 1362 846 1414 aliae
871 1363 1091 1434 personae
1120 1362 1286 1412 noluit
1307 1361 1534 1424 subdere,
1564 1364 1656 1414 nifi
1681 1364 1802 1427 suae,

335 1454 779 1524 successorumque
809 1454 1189 1524 Imperatorum
1217 1452 1471 1523 potestati.
1519 1454 1622 1504 His
1652 1454 1801 1506 rebus

334 1547 406 1597 ita
426 1544 521 1596 effe
557 1544 774 1595 firmiter
806 1543 1098 1605 intellectis,
1154 1545 1322 1615 Regio
1349 1563 1494 1596 more
1521 1545 1800 1608 constitUO,

332 1650 487 1710 atque
514 1635 798 1688 firmissima
817 1634 1035 1705 juffione
1072 1636 1312 1706 praecipio
1334 1662 1350 1698 3
1408 1647 1466 1687 ut
1493 1635 1668 1687 nullus
1697 1655 1800 1687 un-

333 1748 493 1801 quam
521 1726 755 1800 proterve
791 1727 923 1778 illud
950 1726 1348 1789 Monasterium,
1403 1728 1457 1778 in
1487 1746 1593 1797 quo
1621 1725 1801 1779 Abbas

333 1819 645 1891 supradictus
675 1817 871 1889 praeeffe
890 1817 1108 1879 videtur,
1155 1817 1334 1868 audeat
1360 1819 1506 1878 inire,
1536 1818 1614 1868 vel
1637 1817 1801 1870 ullam

333 1908 767 1962 inhumanitatem
810 1907 888 1958 illi
929 1907 1177 1958 violenter
1218 1906 1420 1958 inferre.
1529 1907 1698 1977 Igitur
1741 1919 1801 1960 ut

332 1999 519 2052 affidue
569 1998 849 2051 recordatio
907 1999 1029 2059 mei,
1108 2017 1453 2068 meorumque
1523 2010 1799 2069 parentum

333 2102 559 2142 maneret
602 2090 654 2140 in
701 2089 942 2160 praedicto
979 2088 1317 2150 Monasterio,
1373 2088 1601 2159 ipsorum
1632 2089 1802 2141 Sancti

333 2181 617 2233 Maximini
660 2178 1127 2251 praebendariorum
1156 2178 1412 2229 Victualia
1452 2178 1543 2230 sub
1579 2197 1803 2249 praeme-

332 2283 533 2324 morato
564 2272 877 2341 Imperatore
905 2269 1201 2332 constituta,
1230 2269 1413 2320 additis
1436 2269 1549 2320 mea
1575 2288 1638 2320 ex
1657 2282 1800 2341 parte

330 2362 528 2434 praediis
557 2380 739 2431 augere
767 2361 958 2421 curavi,
1007 2379 1233 2430 quorum
1262 2361 1474 2410 nomina
1500 2358 1610 2410 haec
1639 2360 1755 2411 sunt
1779 2379 1793 2411 ;

331 2453 550 2514 Kannis,
575 2450 908 2511 Cresfiacum,
935 2449 1251 2511 Luncwich‚
1277 2449 1582 2519 Regiodola,
1606 2449 1794 2511 Vallis,

333 2542 540 2605 Polich,
572 2542 929 2602 Budeliacum,
960 2540 1234 2603 Talevant‚
1267 2542 1479 2591 Loauia.
1523 2541 1654 2592 Haec
1684 2540 1798 2592 loca

331 2635 394 2686 ad
423 2635 643 2704 Regiam
689 2644 912 2693 curtem,
966 2649 1080 2700 quae
1124 2631 1315 2682 dicitur
1345 2631 1584 2691 Decima,
1632 2632 1795 2701 perti-

331 2738 474 2777 nent.
556 2727 732 2794 Qam
759 2734 959 2774 curtem
988 2740 1111 2772 cum
1139 2721 1382 2772 omnibus
1414 2721 1562 2772 rebus
1591 2721 1653 2772 ad
1679 2739 1794 2772 eam

331 2815 726 2885 pertinentibus,
770 2812 872 2864 hoc
900 2812 988 2873 est,
1031 2812 1285 2882 quidquid
1314 2811 1488 2883 praedii
1524 2812 1654 2863 visus
1682 2812 1797 2863 sum

331 2904 519 2957 habere
560 2904 587 2956 a
632 2905 809 2967 fluvio,
864 2904 956 2975 qui
1000 2915 1329 2973 nuncupatur
1367 2903 1577 2954 Rubera
1637 2901 1796 2972 usque

1727 2989 1791 3043 ad
