2040 3550
796 288 1061 361 [11]

216 419 340 469 tivas
370 417 547 470 iisdem
574 417 753 468 inferre
779 435 959 468 manus
988 415 1250 470 summum
1272 411 1406 464 nefas
1434 409 1642 462 habere-

205 519 304 569 tur,
349 520 399 558 et
425 507 722 577 sacrilegum
750 507 928 558 scelus.

280 687 380 737 Cui
408 688 475 737 rei
516 684 905 756 comprobandae
932 686 1144 735 unicum
1184 683 1284 735 hoc
1311 684 1523 734 sufficiet
1548 666 1637 732 ex·-

205 774 471 844 emplum:
535 774 675 844 quod
710 792 895 843 nempe
940 792 1020 823 an.
1087 790 1243 839 1442,
1300 771 1502 841 quando
1529 770 1641 841 post

205 865 362 914 trium
399 862 666 930 Abbatum
707 862 767 912 de
810 863 972 912 Mitra
998 861 1417 929 contendentium
1457 859 1641 924 saetam

204 952 605 1002 conventionem
650 949 950 1001 Lambertus
990 949 1021 999 c}
1067 947 1400 1019 quffi’nhazgsi’n
1453 946 1646 1005 confir,-

206 1053 445 1101 maretur,
511 1052 562 1091 et
605 1057 709 1090 non
743 1023 850 1089 ‘levi
894 1039 1119 1108 pecuniae
1157 1020 1356 1087 summa
1399 1055 1490 1106 pro
1526 1036 1643 1096 suis,

204 1128 602 1199 Monasteriique
629 1128 775 1179 rebus
803 1127 1066 1196 indigeret,
1114 1125 1357 1196 huncque
1390 1127 1441 1176 in
1487 1125 1640 1176 finem

206 1215 473 1288 spectabile
523 1216 774 1287 oppidum
829 1217 979 1266 Kenn
1027 1213 1305 1266 Carthufiae
1357 1215 1406 1265 S.
1455 1214 1646 1268 Albani

206 1304 365 1381 prope
411 1306 651 1356 Treviros
699 1306 751 1355 in
795 1303 1160 1375 Hypothecam
1202 1302 1424 1363 ceffifl'et,
1472 1302 1647 1361 litterae

207 1394 413 1464 desuper
463 1394 723 1463 utrimque
774 1394 1075 1463 confignatae
1122 1411 1224 1444 non
1277 1392 1427 1443 semel
1475 1393 1524 1443 in
1570 1390 1644 1441 se-

209 1493 418 1551 quentes
461 1482 638 1532 abeant
681 1482 958 1532 clausulas:
1568 1464 1573 1468 ⁸
1604 1462 1607 1467 .

284 1667 320 1689 “
349 1661 566 1728 Excepto
593 1658 779 1728 judicio
817 1660 859 1709 C
860 1658 1052 1728 apl'tczli,
1108 1670 1156 1709 et
1201 1658 1540 1723 efmlumenutir,
1594 1668 1642 1712 et

206 1757 247 1779 “
276 1748 633 1800 obventionibus
677 1751 1040 1800 HosPITAL1
1099 1751 1148 1799 S.
1206 1750 1640 1816 ELISABETHAE

203 1848 247 1870 ‘⁴‘
273 1840 431 1892 amm?
457 1839 848 1910 conspuentibus,
893 1841 1032 1890 &C.’'

289 2020 549 2088 Qantam
579 2037 772 2079 curam,
809 2036 866 2069 ac
893 2017 1287 2068 sollicitudinem
1307 2016 1561 2088 Johannes
1581 2018 1650 2070 V.

209 2106 271 2158 ab
296 2106 547 2176 {simbus-g,
598 2106 1079 2177 Archi-Episcopus
1119 2107 1448 2169 Trevirenfis‚
1502 2119 1552 2157 et
1580 2107 1643 2157 fi-

211 2194 323 2247 mul
368 2193 560 2266 Abbas·
600 2196 650 2246 S.
703 2196 980 2266 Maximini
1042 2195 1187 2266 super
1240 2194 1339 2246 hoc
1392 2194 1650 2265 Hospitalj
1696 2229 1701 2232 -

210 2282 461 2345 habuerit,
538 2302 600 2334 ex
661 2283 907 2355 rescriptis
974 2283 1128 2353 hujus
1198 2283 1644 2356 Abbatis-Archiss

212 2373 452 2445 Episcopi
486 2372 549 2424 ad
576 2373 925 2443 Conventum‚
973 2386 1022 2424 et
1054 2373 1335 2443 Hospitalis
1374 2372 1474 2441 hoc
1506 2385 1639 2442 temss

213 2479 334 2534 pore
377 2462 649 2515 Reetorem
691 2464 952 2536 emanatis,
1006 2464 1289 2516 luculenter
1328 2475 1482 2533 patet.
1588 2463 1647 2527 In

214 2550 398 2620 quibus
432 2550 516 2620 (ad
540 2553 804 2622 antiquam
830 2553 1328 2604 dismembrationem
1372 2552 1644 2612 bonorum,

215 2650 263 2688 et
290 2625 543 2691 redituum
593 2641 846 2702 Abbatiae‚
897 2654 948 2693 et
989 2640 1270 2711 Hospitalis
1314 2640 1360 2708 se
1404 2637 1640 2708 referens)

218 2728 575 2789 oeconomiam,
626 2716 1023 2800 benevolumque
1056 2747 1354 2800 pauperum,
1407 2727 1643 2778 infirmo-

220 2832 436 2890 rumque
461 2835 635 2871 curam
660 2837 764 2872 non
791 2819 947 2872 modo
982 2818 1270 2871 solemniter
1295 2817 1551 2888 praecipit,
1597 2828 1647 2866 et

876 2909 922 2960 C
952 2925 982 2961 2
1404 2906 1650 2969 inculcat„
