1986 3571
792 301 1069 377 [69]

205 434 422 496 fruatur,
451 451 608 505 quam
629 432 765 484 idem
786 430 1158 482 Monasterium
1183 448 1213 481 a
1239 429 1487 482 Romanis
1517 428 1660 480 Pon-

206 523 454 585 tificibus,
476 536 525 574 et
547 521 944 593 Imperatoribus
963 519 1186 570 noscitur
1203 518 1444 570 habuiffe.
1498 518 1664 569 Nulla

205 615 364 663 ctiam
400 612 664 681 cujussibet
704 610 985 680 Dignitatis
1013 608 1238 679 persona,
1292 609 1382 660 nifi
1405 607 1433 659 ὲ
1460 620 1528 670 te,
1582 606 1663 659 vel

215 713 304 751 tuo
350 701 584 771 quolibet
630 699 914 751 Succeffore
952 698 1179 758 invitata,
1230 697 1360 748 infra
1395 698 1665 768 praefatum

215 790 589 840 Monasterium
609 790 892 860 quicquam
912 806 1004 858 pro
1032 787 1119 837 suo
1147 786 1297 837 libitu
1321 787 1499 838 audeat
1524 787 1667 838 ordi-

211 896 347 939 nare,
402 879 479 928 vel
518 878 635 928 ausu
671 879 969 928 Temerario
995 894 1241 937 exercere,
1295 877 1517 928 obeunte
1549 876 1670 929 vero

213 978 282 1027 te,
335 966 559 1034 ejusdem
609 966 712 1016 loci
765 966 989 1026 Abbate,
1049 965 1128 1015 vel
1180 978 1389 1016 tuorum
1439 966 1672 1035 quolibet

215 1053 586 1115 Succefforum‚
609 1054 782 1105 nullus
802 1054 928 1104 inibi
946 1054 1173 1123 qualibet
1190 1055 1516 1124 surreptionis
1532 1055 1672 1106 astu-

213 1144 302 1204 tia,
353 1143 436 1193 seu
478 1142 736 1194 Violentia
774 1155 1114 1212 praeponatur,
1168 1144 1258 1193 nifi
1287 1162 1442 1213 quern
1473 1145 1670 1196 Fratres

216 1230 718 1300 connnuniaffensu,
761 1232 841 1282 seu
860 1250 973 1302 pars
1004 1230 1218 1282 Consilii
1247 1233 1463 1283 Sanioris
1490 1233 1671 1285 sccun-

216 1309 448 1376 ciindurn
484 1321 584 1371 Dei
612 1322 871 1382 timorem,
935 1332 986 1371 et
1031 1321 1171 1371 Beati
1199 1321 1457 1372 Benedicti
1492 1323 1674 1393 Regu-

217 1411 324 1461 lam
351 1409 669 1479 praeviderint
696 1404 1010 1479 eligendum.
1092 1408 1217 1460 Sane
1245 1411 1566 1481 Sepulturam
1591 1414 1676 1483 ip-

220 1497 316 1548 slus
346 1497 448 1548 loci
473 1498 685 1549 liberam
722 1487 1195 1560 efl'e‘concedimuffi
1238 1512 1295 1550 ut
1333 1519 1530 1563 eorum,
1585 1503 1678 1572 qui

220 1586 268 1637 se
303 1587 411 1637 illic
439 1587 631 1657 sepeliri
660 1588 1063 1649 deliberaverint,
1095 1589 1373 1639 Devotioni
1411 1590 1526 1658 (nifi
1546 1590 1679 1643 forte

218 1678 658 1728 excommunicati
686 1677 804 1745 sint)
828 1678 1000 1727 nullus
1028 1677 1248 1728 obsistat.
1336 1679 1676 1732 Decernimus

220 1784 364 1835 ergo,
419 1776 477 1814 ut
517 1765 648 1815 nulli
689 1784 918 1834 unquam
948 1766 1328 1828 Ecclcfiasticae,
1385 1769 1680 1822 Saecularive

227 1853 454 1906 Personae
475 1850 623 1906 liceat
650 1862 919 1926 pra‘iatum
948 1856 1169 1907 vestrum
1198 1858 1569 1910 Monasterium
1603 1872 1680 1911 te-

226 1943 364 1994 mere
392 1944 697 2015 perturbare,
728 1957 813 1995 aut
839 1945 946 2013 ejus
976 1945 1289 2015 poffeffiones
1317 1947 1545 2010 aufferre,
1602 1950 1679 2001 vel

225 2031 416 2083 ablatas
446 2034 672 2094 retinere,
721 2036 968 2095 minuere,
1014 2034 1110 2085 five
1145 2036 1450 2105 quibussibet
1479 2038 1683 2108 fatigare

229 2120 473 2174 molestiis
488 2148 503 2183 ;
542 2122 619 2172 sed
645 2124 819 2173 omnia
846 2124 1041 2192 integra
1067 2124 1442 2187 conserventur,
1483 2146 1681 2190 corum,

231 2229 325 2281 pro
345 2229 567 2280 quorum
584 2211 969 2281 gubernatione,
1009 2225 1059 2262 et
1084 2212 1440 2266 sustentatione
1459 2217 1684 2268 conceffa

234 2299 350 2351 sunt
379 2299 546 2350 usibus
584 2301 895 2352 omnimodis
941 2300 1224 2371 profutura.
1317 2306 1367 2355 Si
1393 2325 1505 2375 qua:
1530 2307 1686 2375 igitur

237 2388 571 2459 imposterum
595 2390 962 2452 Ecclefiastica,
986 2392 1300 2443 Saecularisve
1323 2394 1534 2445 Persona
1553 2395 1687 2447 hanc

237 2477 416 2529 nostrae
452 2479 843 2532 Constitutionis
880 2482 1117 2551 pagInam
1152 2483 1329 2545 sciens,
1366 2497 1541 2535 contra
1573 2503 1686 2537 eam

236 2568 407 2618 venire
427 2573 709 2633 tentaverit,
738 2572 975 2634 secundo,
1005 2573 1214 2624 tertiove
1233 2578 1566 2637 commonita,
1596 2577 1688 2629 nisi

241 2669 436 2710 reatum
464 2661 611 2712 suum
636 2680 861 2732 congrua
886 2662 1216 2714 satisfactione
1257 2667 1544 2726 correxerit,
1589 2685 1687 2737 po-

165 2806 168 2810 ,
241 2749 450 2809 testatiS,
502 2747 806 2822 honorisque
829 2752 903 2803 sui
932 2753 1196 2822 Dignitate
1231 2767 1412 2814 careat,
1452 2774 1693 2825 reamque

244 2838 292 2890 se
327 2839 522 2891 Divino
561 2839 769 2908 Judicio
799 2841 1004 2896 existere
1030 2843 1091 2893 de
1116 2856 1399 2915 perpetrata
1423 2846 1693 2914 iniquitate

1403 2936 1693 3007 cognoscar,
