2040 3550
958 318 977 388 [
1059 335 1087 369 2
1168 317 1189 387 ]

361 455 399 476 “
424 447 674 516 plssimum
721 447 773 496 S.
821 442 1119 514 Elfflzbethae
1163 445 1437 515 Hqspitczle,
1484 443 1624 495 &c.''
1677 461 1805 495 con-

361 548 644 587 crematum
694 534 782 593 est.
916 532 1074 604 Qod
1125 532 1472 585 infortunium
1523 545 1574 584 et
1624 532 1810 584 accidit

359 625 542 675 saeculo
572 625 652 685 16,
677 636 726 675 et
746 623 929 676 saeculo
958 641 1040 696 17,
1062 624 1152 675 sub
1174 624 1443 686 Vincentio,
1465 635 1515 675 et
1527 623 1812 674 Alexandro

362 713 652 766 Abbatibus
662 754 674 764 .

438 894 688 946 Radicem
715 893 869 963 hujus
899 894 1234 946 Fundationis
1279 893 1402 963 (five
1428 894 1553 964 quid
1595 892 1814 944 moverit

364 983 625 1035 Abbatem
654 983 976 1046 Broichium,
1020 996 1071 1035 et
1097 984 1427 1034 Conventum
1454 984 1505 1034 in
1540 982 1641 1034 hoc
1671 981 1813 1033 Hos-

363 1073 518 1144 pitale
544 1075 966 1143 construendum)
984 1074 1198 1145 reperire
1218 1072 1337 1124 licet
1356 1075 1408 1124 in
1429 1074 1683 1144 primaevis
1711 1072 1814 1124 hu-

357 1164 443 1233 jus
472 1164 768 1234 Monasterij
801 1162 1026 1224 Chattis,
1066 1164 1463 1234 Imperatorum,
1504 1164 1816 1233 Regumque

1459 1253 1502 1304 F
1508 1253 1816 1304 undatorum

370 1601 495 1654 plum,
536 1609 650 1653 atque
678 1600 779 1651 juffu
811 1600 892 1651 ejus
925 1600 1143 1640 dedicatum
1163 1601 1200 1639 in
1220 1601 1365 1638 honore
1387 1600 1426 1638 S.
1446 1600 1630 1652 Johannis
1651 1601 1824 1651 Evange-

368 1669 457 1706 listae
478 1668 499 1706 ὲ
543 1670 582 1707 S.
619 1669 774 1720 Agritio
807 1669 1136 1720 Archi-Episcopo
1175 1668 1466 1718 (Trevirenfi):
1498 1668 1536 1705 in
1567 1681 1646 1719 quo
1674 1668 1823 1718 templo

367 1737 585 1787 Imperator
612 1737 660 1775 ad
694 1738 732 1775 S.
769 1737 929 1774 Helenae
977 1737 1154 1786 (Matris)
1197 1735 1413 1774 instantiam
1455 1749 1642 1787 pauperes
1682 1734 1824 1773 Christi

375 1803 603 1854 (Religiosos
636 1804 845 1842 Orientalis
878 1804 1100 1855 disciplinae)
1137 1804 1395 1855 congregavit,
1426 1803 1554 1854 eisque
1587 1803 1711 1840 virum
1745 1802 1823 1840 Dei

367 1871 583 1922 Johannem
610 1872 869 1920 (Monachum
896 1872 1202 1917 Antiochenurn)
1226 1869 1450 1923 praeposuit,
1480 1880 1518 1908 et
1536 1883 1607 1922 pro
1627 1870 1716 1908 dote
1735 1882 1824 1907 con-

370 1940 467 1978 ceffit
486 1953 561 1977 non
584 1939 861 1977 contemnenda
880 1939 1037 1991 praedia,
1080 1948 1118 1977 et
1137 1949 1279 1978 curtes.

424 2008 651 2057 Qomodo,
672 2016 709 2045 et
725 2007 888 2058 qualiter
903 2007 1198 2045 Succedentibus
1215 2008 1299 2046 aevis
1319 2009 1590 2060 Imperatores,
1622 2009 1824 2050 Austrafiae

367 2085 406 2115 et
422 2079 657 2115 Francorum
671 2077 795 2127 Reges
811 2092 821 2122 ;
861 2076 1074 2127 Dagobert.
1092 2076 1225 2114 Carol.
1243 2078 1304 2114 M.
1320 2078 1508 2115 Ludovic.
1529 2080 1630 2129 pius,
1661 2080 1822 2119 Lothar.

372 2147 553 2191 Ottones,
575 2154 612 2183 et
628 2145 799 2191 Henrici,
821 2148 890 2182 &m
913 2147 983 2182 &c.
1005 2157 1092 2181 cum
1115 2144 1281 2182 Summis
1301 2143 1565 2192 Pontificibus,
1583 2148 1753 2199 Gregor.
1767 2150 1823 2188 II.

368 2214 601 2265 Agapit.11.
622 2213 790 2263 Johann.
822 2213 938 2249 XIII.
957 2212 1125 2264 johann.
1148 2212 1241 2250 XV.
1270 2212 1392 2250 Leon.
1414 2214 1487 2251 IX.
1517 2215 1651 2253 Innoc.
1672 2217 1727 2254 ΙΙ.
1753 2219 1824 2254 &c-

369 2280 485 2330 hujus
525 2278 749 2329 Monasterij
791 2279 1044 2317 Substantiam
1081 2288 1119 2317 et
1158 2292 1215 2317 res
1250 2279 1533 2318 Donationibus
1570 2282 1657 2319 vere
1694 2283 1825 2334 Regiis

372 2348 612 2393 adauxerint,
647 2357 789 2399 quanta
809 2346 1009 2398 Privilegia
1029 2356 1066 2385 et
1086 2348 1346 2386 immunitates
1366 2349 1488 2386 eidem
1501 2350 1759 2398 concesserint,
1787 2359 1826 2389 et

373 2417 550 2468 qualibus
582 2414 761 2467 praesules
795 2414 877 2464 ejus
909 2415 1171 2465 dignitatibus,
1202 2424 1239 2453 et
1259 2416 1535 2466 praerogativis,
1567 2417 1726 2468 Insignis
1746 2420 1826 2456 Im·

369 2484 464 2538 perij
495 2483 679 2530 Membri,
714 2484 896 2533 Principis
927 2482 1100 2535 Imperij‚
1140 2491 1178 2521 et
1197 2484 1537 2534 Archi-Capeliani
1558 2485 1825 2524 Romanorum

366 2552 642 2605 Imperatricis,
674 2550 826 2601 aliisque
846 2550 1054 2588 honoribus
1079 2559 1117 2587 et
1146 2550 1265 2588 titulis
1296 2550 1523 2597 decorarint,
1556 2551 1727 2590 nostrum
1747 2566 1830 2592 non.

366 2621 419 2659 est
439 2621 499 2658 hic
519 2619 738 2670 disquirere,
769 2618 826 2656 vel
844 2617 1074 2655 dilucidare:
1118 2617 1207 2655 cum
1227 2618 1336 2656 unic&
1357 2618 1471 2656 nostri
1491 2619 1534 2657 fit
1554 2619 1753 2671 propositi,
1782 2630 1822 2660 et

371 2688 510 2733 Officii,
541 2685 807 2737 Augustorum
831 2684 945 2735 hujus
967 2684 1184 2735 Monasterij
1207 2686 1471 2725 Fundatorum
1492 2687 1672 2735 Chartas,
1702 2698 1740 2726 et
1756 2689 1826 2728 Di-

369 2758 541 2808 plomata
587 2758 641 2807 (in
670 2765 859 2808 quantum
888 2755 998 2794 nobis
1030 2755 1214 2803 constant,
1255 2766 1292 2794 et
1312 2757 1417 2795 velut
1436 2757 1660 2796 donationes
1686 2760 1759 2810 pice
1785 2760 1825 2798 in

368 2837 598 2877 pauperum,
629 2832 666 2862 et
698 2824 938 2862 infirmorum
967 2823 1054 2862 usus
1083 2823 1291 2875 specialiter
1309 2824 1536 2876 consignatae
1557 2827 1739 2874 tractant)
1773 2827 1825 2866 se-

369 2892 462 2932 dula
490 2901 617 2931 mente
646 2892 876 2940 examinare,
918 2901 956 2931 et
984 2891 1105 2944 probi:
1128 2893 1344 2935 examinata
1363 2893 1489 2933 debite·
1508 2895 1706 2936 exhibere.
1763 2896 1825 2935 De

1685 2972 1824 3009 caetCSO
