1986 3571
777 347 797 418 [
878 364 938 400 21
1023 346 1045 417 l

260 482 429 548 Qare
456 495 559 528 non
601 475 817 536 mireris,
863 473 945 525 sed
979 471 1218 544 deplora:
1271 469 1331 523 eo
1357 470 1509 524 hodie
1534 472 1626 524 de·-

186 580 418 628 ²ventum,
466 578 525 617 ut
552 565 824 637 Hoſjn'tczle,
872 564 970 614 five
998 561 1353 614 Xenodochium
1381 564 1434 614 S.
1465 562 1632 634 Elffa-

188 658 348 709 bethae
406 656 528 707 adeo
604 654 782 706 celebre
842 653 1124 724 quondam,
1214 652 1336 703 adeo
1387 651 1639 722 magng'fiee

186 746 426 808 dotatum,
498 757 548 796 et
589 745 817 815 piorum,
886 743 1317 813 credulorumque
1360 741 1640 794 hominum

187 837 455 888 devotione
501 834 758 904 instgm'ter
801 833 1095 894 adauctum,
1167 851 1306 884 nunc
1351 833 1639 896 viduatum,

189 945 327 978 nunc
356 926 656 985 desolatum,
696 936 747 977 et
775 922 1096 995 (pauperum,
1133 917 1522 995 2'7fir7n0rzcmque
1545 922 1641 975 ha-

189 1016 426 1067 bitaculis
454 1016 533 1066 vel
560 1016 718 1067 modo
762 1035 866 1067 non
911 1015 1261 1078 existentibus,
1315 1016 1393 1066 vel
1421 1017 1473 1066 in
1517 1015 1644 1085 quid

189 1105 355 1157 nescio
382 1106 592 1177 versis&
641 1105 969 1177 profanatum
1014 1107 1238 1176 penitus,
1291 1118 1342 1156 et
1367 1105 1644 1175 spoliatum

189 1195 392 1248 videris.
499 1196 727 1267 Deplora
770 1196 989 1267 denique
1035 1195 1317 1267 Hospitalis
1363 1193 1517 1264 hujus
1558 1196 1643 1246 in-

190 1298 385 1356 gentes,
424 1287 858 1358 ampliffimosque
886 1287 1095 1348 reditus,
1143 1286 1289 1337 nullo
1317 1304 1455 1336 nunc
1498 1285 1644 1335 Cons-

193 1377 410 1428 scientiae
481 1377 725 1439 remorsu,
796 1378 848 1428 in
917 1377 1214 1446 Monasterij
1287 1375 1650 1429 incredibiliter

192 1466 426 1537 opulenti
468 1466 582 1518 vere
644 1467 920 1538 superfluos
965 1467 1164 1537 surripi,
1232 1479 1282 1517 et
1345 1466 1650 1537 peffumdari

195 1556 346 1618 usus;
402 1557 585 1627 eosque
612 1557 820 1618 reditus,
876 1557 910 1608 fi
940 1576 1043 1608 non
1071 1555 1128 1609 iit
1154 1570 1269 1609 ante
1298 1557 1651 1629 Hospitalitati

200 1645 353 1715 (falso
380 1647 546 1717 dietae)
588 1649 642 1698 in
669 1648 848 1698 divites
876 1647 1199 1709 ostentandae,
1251 1648 1435 1718 epulis,
1483 1648 1648 1711 luxui,

195 1747 246 1807 et
259 1755 465 1807 pompae
486 1737 734 1807 impendi,
748 1736 982 1806 jamjam
1007 1738 1171 1808 (quod
1190 1738 1358 1809 pejus)
1383 1738 1648 1800 viliffimae,

1605 1841 1656 1879 et

252 2140 277 2164 ἥ·
298 2140 519 2181 Alexander
534 2145 666 2182 Abbas
695 2144 756 2193 (slt
776 2145 892 2182 modo
913 2145 1078 2193 diftum)
1103 2146 1231 2184 omnia
1250 2146 1389 2184 invenit
1409 2145 1429 2182 ᾗ
1448 2145 1574 2184 Gallis
1591 2145 1651 2185 vel

196 2210 337 2259 diruta,
380 2214 439 2252 vel
472 2215 634 2252 flammis
661 2215 875 2266 absumpta,
924 2217 1110 2266 JIqlpitali
1138 2231 1202 2252 non
1236 2225 1385 2267 ext-(pto,
1429 2214 1534 2266 quod
1572 2228 1651 2265 quo

197 2283 285 2321 loco
305 2283 460 2330 steterit,
495 2283 532 2320 in
552 2283 669 2321 veteri
691 2283 867 2320 Abbatiae
884 2284 1032 2335 pictura
1051 2283 1274 2321 videndum.
1332 2283 1467 2321 Erefia
1485 2295 1595 2328 nova,
1617 2291 1655 2320 et

194 2352 513 2404 sumptuofiffima
547 2351 723 2399 Ecclesia,
763 2362 939 2403 reparato
970 2351 1220 2398 Monasterio,
1259 2351 1413 2403 aliisque
1433 2350 1548 2402 quim]
1569 2350 1655 2401 plu-

196 2422 302 2461 rimis
335 2421 460 2459 eidem
493 2420 824 2472 appertinentibus
859 2420 1024 2458 aedificiis
1058 2420 1158 2458 ultra
1188 2420 1283 2457 vires
1321 2419 1403 2469 ejus
1438 2427 1531 2464 erat,
1575 2430 1655 2455 uno

196 2490 412 2542 eodemque
432 2499 606 2541 tempore
626 2489 826 2541 Hospitale
847 2489 1099 2533 reaedificare;
1135 2488 1354 2540 praeparatis
1374 2488 1500 2538 itaque
1519 2487 1553 2523 in
1588 2487 1657 2523 Pa-

196 2559 355 2597 rochiali
371 2558 536 2596 Ecclesia
559 2559 596 2596 S.
620 2558 819 2596 Michaelis
839 2557 919 2607 (cui
936 2556 1144 2608 Hospitalis
1161 2557 1293 2593 hortus
1310 2554 1474 2604 adjacet)
1499 2553 1657 2604 aliisque

197 2640 269 2678 per
287 2626 497 2665 Abbatiam
513 2626 619 2673 locis,
650 2639 721 2677 pro
740 2639 957 2677 pauperum
979 2624 1298 2673 infirmorumque
1316 2622 1531 2672 receptione
1547 2620 1656 2659 habi-

198 2693 350 2741 taculis,
398 2707 494 2745 opus
516 2694 638 2746 pium,
671 2694 731 2732 cui
747 2694 920 2731 animum
954 2693 1167 2730 intenderat
1199 2690 1413 2741 (Hospitalis
1436 2688 1585 2737 cedzficii
1602 2704 1656 2727 re-

187 2761 468 2812 stam-ationem)
492 2771 614 2800 morte
635 2770 852 2813 praeventus
880 2774 957 2799 non
985 2759 1176 2811 explevit3
1203 2757 1333 2795 debito
1348 2756 1420 2793 hoc
1440 2757 1656 2808 ceuoblz'ga-

200 2833 292 2869 tione
322 2831 579 2882 indffeygsabici
609 2830 860 2868 success'orum
888 2829 1085 2866 Abbatum
1114 2826 1268 2863 suorum
1297 2824 1553 2871 conscientias,
1599 2828 1658 2873 (et

201 2897 377 2949 precibus
400 2906 437 2934 et
456 2898 581 2944 minis,
612 2908 650 2936 et
670 2899 788 2936 verbo
807 2907 844 2936 et
863 2897 1027 2949 scriptis)
1065 2895 1161 2933 Zelo
1187 2894 1311 2932 saneto
1340 2902 1546 2939 onerante3
1589 2893 1658 2943 qui

201 2963 405 3016 postquam
437 2964 627 3001 monitum
655 2965 729 3003 hoc
758 2965 919 3006 salutare
942 2964 1178 3017 spreverunt,
1214 2961 1403 3015 paulatim
1429 2960 1558 3000 omnia
1583 2959 1657 2998 alia

200 3031 377 3085 improbe
393 3031 658 3085 neglexerunt,
691 3035 763 3075 &c-
