2040 3550
816 309 1046 381 [3]

212 436 255 488 F
260 437 567 488 undatorum
596 435 1003 508 Diplomatibus,
1059 454 1116 486 ac
1154 436 1315 487 Bullis
1345 435 1646 497 Pontificiis‚

209 545 322 597 quae
347 525 651 577 exhibentur
673 527 725 576 in
753 525 1067 595 Appendice.

281 705 425 755 Huic
472 704 728 774 Hospitali
772 703 798 753 ὲ
840 704 974 753 dicto
1010 703 1229 764 Abbate,
1283 717 1333 755 et
1376 706 1647 757 Conventu

214 810 465 843 TERTIA
509 810 661 843 PARS
702 793 939 842 omnium
979 804 1100 842 tunc
1147 795 1387 862 temporis
1417 795 1650 846 Abbatiae

208 882 487 943 redituum,
535 900 592 932 ac
629 882 884 932 bonorum
928 880 1026 931 fuit
1063 880 1125 931 ad
1172 894 1475 951 perpetuum
1520 902 1647 934 con—

208 970 351 1032 cessa,
400 972 751 1041 incorporata:
807 983 857 1021 et
883 989 985 1022 non
1014 971 1103 1021 nisi
1131 971 1192 1020 ad
1219 973 1396 1022 unicos
1426 972 1559 1033 usus,
1603 986 1652 1024 et

208 1060 483 1120 utilitatem
529 1078 830 1129 pauperum,
884 1059 1151 1120 debilium,
1222 1074 1271 1111 et
1324 1060 1647 1113 infirmorum

207 1148 499 1201 incessanter
522 1148 592 1200 est
619 1148 978 1218 impendenda.

879 1238 978 1289 132
1516 1242 1653 1291 “Ut

208 1592 346 1622 caetero
376 1582 512 1621 sufficit
531 1583 677 1622 dicere:
717 1585 813 1621 hanc
834 1581 1077 1634 Imperialem
1097 1584 1302 1622 Abbatiam
1330 1584 1424 1622 adeo
1443 1585 1650 1623 hodiedum

209 1653 356 1696 florere,
386 1660 444 1696 ut,
485 1651 575 1687 ficut
594 1650 820 1701 antiquitate
843 1650 1007 1688 Instituti
1025 1651 1191 1689 creditur
1211 1652 1348 1702 prima,
1380 1653 1429 1689 ita
1447 1665 1512 1703 per
1532 1661 1652 1690 totam

209 1719 459 1756 Germaniam
479 1718 674 1766 opulenti&
696 1718 950 1769 superfluente
970 1719 1064 1756 nulli
1083 1719 1276 1757 censeatur
1295 1720 1470 1757 secunda.

258 1786 337 1823 An.
373 1787 482 1835 1764,
515 1785 731 1834 Monasterij
753 1785 867 1835 hujus
887 1787 1043 1836 quidam
1064 1785 1264 1836 professus,
1288 1796 1325 1824 et
1345 1787 1390 1824 de
1414 1786 1651 1825 Fundatione

208 1852 416 1905 Hospitalis
432 1867 481 1891 ex
500 1853 672 1890 Archivis
700 1852 930 1890 sufficienter
961 1852 1174 1899 instrufftus,
1215 1854 1408 1891 Abbatem
1428 1855 1537 1892 suum
1557 1854 1653 1891 Wil-

207 1921 421 1959 librordum
442 1922 497 1959 ΙΙ.
533 1924 629 1971 (quo
648 1920 779 1971 spiritu
801 1929 943 1966 motus,
975 1920 1261 1970 Deiisjildicet)
1303 1921 1457 1967 accessit,
1488 1936 1653 1973 eumque

207 1989 255 2026 ad
276 1988 482 2039 Hospitalis
502 1988 599 2025 clam
631 1988 807 2039 suppreffi
829 1987 1105 2026 restitutionem
1136 2002 1376 2027 commovere
1405 1990 1563 2028 nititur:
1596 1990 1657 2028 sed

208 2070 286 2107 quo
306 2057 379 2094 hoc.
394 2056 599 2094 tentaverit
614 2055 792 2101 successu,
828 2069 902 2093 non
923 2055 988 2093 nisi
1009 2056 1084 2101 ille,
1108 2056 1172 2106 qui
1192 2057 1254 2093 vel
1274 2056 1471 2107 personam
1493 2058 1654 2095 Abbatis

210 2124 376 2169 noverit,
424 2123 482 2161 vel
505 2124 755 2174 Epitaphium
794 2122 874 2172 ejus
912 2124 949 2160 in
986 2124 1060 2161 fine
1098 2125 1311 2161 exhibitum
1351 2125 1498 2171 viderit,
1547 2125 1654 2163 facil&

210 2191 453 2229 divinabitur.
511 2190 639 2227 Multa
670 2189 795 2228 forent
824 2190 870 2228 de
897 2191 1089 2236 diuturna,
1120 2201 1158 2230 et
1177 2191 1319 2230 nefaria
1338 2192 1515 2244 Religiofi
1539 2193 1659 2244 persc-

210 2259 362 2297 cutione
398 2258 755 2296 commemoranda:
798 2258 943 2295 silentio
974 2268 1102 2296 autem
1136 2260 1320 2310 praetcriri
1356 2261 1511 2311 nequit;
1557 2261 1659 2298 huuc

208 2335 382 2366 tenacem
397 2325 584 2377 propofiti
604 2326 727 2363 virum
748 2326 783 2362 in
804 2325 875 2363 suis
898 2325 1261 2371 denuntiationibus,
1292 2336 1329 2365 ct
1344 2328 1505 2379 querelis
1526 2328 1572 2365 de
1588 2329 1657 2365 hac

208 2393 454 2445 usurpatione
487 2394 705 2432 incessanter
736 2394 910 2431 institutis
941 2404 978 2431 et
1014 2394 1115 2445 apud
1142 2394 1376 2432 ordinarium
1420 2395 1652 2446 (Archi-Ep.

211 2461 389 2509 Trevir.)
413 2471 450 2499 et
468 2462 505 2499 in
518 2462 756 2499 Nuntiatum
776 2461 1008 2507 Coloniensi,
1048 2471 1085 2499 et
1105 2462 1140 2499 in
1162 2463 1469 2512 Congregatione
1491 2462 1591 2512 Epis.
1619 2470 1658 2499 et

210 2529 312 2581 Reg.
332 2530 469 2567 Romae
488 2529 620 2580 viginti
640 2529 922 2580 propemodum
942 2530 1047 2567 annis
1074 2533 1130 2578 (et
1149 2530 1318 2580 periculo
1334 2530 1420 2566 vitae
1440 2538 1477 2566 et
1497 2529 1652 2576 animae)

211 2605 415 2648 expertum
430 2596 525 2634 effe:
548 2595 734 2645 ejusmodi
754 2596 891 2634 Curias
910 2609 1020 2634 coeca
1039 2596 1250 2634 obedientia
1269 2596 1481 2633 laborantes
1498 2595 1657 2642 nullam,

214 2663 421 2715 praesertim
452 2663 666 2714 Religiosis,
703 2663 764 2701 vel
786 2677 859 2700 non
899 2664 970 2700 alia
1001 2663 1131 2701 saltem
1153 2664 1234 2714 lege
1251 2662 1432 2713 justitiam
1457 2664 1657 2714 impertiri,

214 2729 331 2782 quum
361 2729 475 2781 prout
505 2730 579 2767 suae
608 2730 792 2768 sancititati
821 2731 1004 2768 Romami²
1038 2745 1108 2782 pro
1142 2744 1267 2767 rerum
1302 2730 1520 2775 momentis,
1562 2740 1658 2767 tem-

214 2809 356 2847 porum
386 2796 687 2843 circumstantiis,
726 2806 763 2835 et
796 2798 957 2848 politicis
979 2808 1066 2835 ante
1087 2798 1213 2834 omnia
1241 2797 1448 2835 rationibus
1469 2797 1660 2848 despotico

216 2862 401 2914 placuerit
420 2863 604 2915 imperare
622 2872 733 2912 nutu,
765 2864 853 2905 vel:
898 2877 986 2906 uon
1011 2876 1333 2905 onsrmznssus.

1461 2935 1489 2956 “
1508 2936 1659 2984 Effisda
