1986 3571
877 315 1147 388 [44]

294 441 488 496 delium
504 440 791 494 nostrorum
809 443 1094 505 devotione,
1122 445 1174 495 in
1194 445 1507 514 Moguntina
1528 447 1746 498 Civitate

289 533 580 583 :solemniter
625 532 984 594 consecratam,
1037 546 1088 584 et
1135 534 1414 604 Regalibus
1461 536 1739 605 infignibus

284 621 592 682 decoratam,
618 621 679 672 ad
695 620 944 673 honorem
966 624 1134 693 Regni
1155 612 1309 674 nostri
1331 624 1738 686 sublimavimus,

286 709 749 772 corroboravimus,
790 724 840 762 et
866 712 1145 764 secundum
1173 699 1391 775 morem,
1422 726 1471 764 et
1493 715 1739 765 instituti-

288 817 441 849 onem
468 799 674 869 piiffimi
704 801 964 852 Genitoris
993 802 1147 853 nostri
1171 802 1394 853 Conradi
1417 804 1740 872 Imperatoris

287 888 619 950 inviffiffimi,
661 889 982 961 aliorumque
1011 891 1431 942 Praedecefforum
1452 892 1741 943 nostrorum

287 977 523 1041 Henrici,
564 992 614 1030 et
642 981 798 1031 trium
828 983 1108 1042 Ottonum,
1152 982 1394 1043 Arnolffi,
1431 983 1607 1051 magni
1635 984 1738 1032 Ca-

283 1068 399 1129 roli,
451 1068 640 1138 Pipini,
696 1070 997 1140 Dagoberti,
1050 1083 1100 1121 et
1143 1070 1362 1121 aliorum
1410 1072 1636 1140 Regum,
1691 1083 1742 1122 et

287 1157 667 1227 Imperatorum
694 1159 850 1229 usque
876 1160 937 1210 ad
962 1179 1073 1222 nos,
1105 1180 1227 1211 cum
1254 1161 1478 1212 Abbatia
1508 1163 1557 1211 S.
1581 1161 1741 1211 Max-

291 1246 460 1307 imini,
500 1248 836 1317 pretiofiffimi
866 1248 1172 1300 Confefforis
1203 1247 1412 1310 Christi,
1443 1269 1555 1319 quae
1579 1251 1630 1299 in
1657 1249 1742 1299 su-

284 1334 470 1387 burbio
498 1338 834 1388 Trevirorum
855 1339 943 1388 fita
960 1338 1049 1399 est,
1081 1357 1237 1408 quam
1261 1338 1648 1399 Constantinus,
1689 1350 1740 1390 et

286 1424 490 1476 Helena
526 1428 724 1496 Regina
749 1429 801 1478 in
830 1426 1035 1478 Christo
1074 1426 1391 1477 sacratiffima
1411 1428 1462 1477 in
1491 1426 1741 1478 honorem

286 1514 337 1563 S.
381 1513 630 1581 Johannis
690 1516 952 1586 Apostoli,
1008 1528 1058 1566 et
1114 1515 1448 1585 Evangelistae
1501 1517 1739 1586 primitus

281 1603 682 1655 construxerant.
743 1606 859 1655 Hac
879 1606 1052 1674 igitur,
1092 1616 1142 1655 et
1163 1623 1285 1655 cum
1305 1605 1546 1655 omnibus
1568 1604 1736 1667 rebus,

288 1692 550 1753 Ecclefiis,
578 1706 627 1744 et
647 1681 1024 1764 possessionibus
1045 1694 1106 1744 ad
1133 1713 1244 1744 eam
1270 1695 1322 1744 in
1351 1695 1742 1766 quibuscunque

282 1781 408 1832 locis
446 1782 599 1850 juste,
652 1797 701 1834 et
745 1784 971 1853 legaiiter
1023 1783 1412 1853 pertinentibus,
1471 1783 1736 1853 praefatarn

288 1870 565 1940 conjugem
610 1872 850 1933 nostram,
911 1874 1168 1941 Agnetem
1221 1872 1430 1932 scilicet,
1495 1873 1640 1923 nobis
1687 1875 1739 1924 in

290 1957 496 2010 Christo
524 1958 884 2022 charissimam,
915 1961 1072 2011 dotali
1092 1961 1219 2028 lege,
1247 1973 1297 2010 et
1318 1961 1544 2030 legitima
1573 1962 1743 2031 Regni

285 2047 403 2098 dote
428 2049 489 2098 ad
517 2048 815 2110 Thronum,
857 2063 906 2100 et
934 2049 1181 2100 honorem
1214 2051 1381 2118 Regni
1409 2050 1563 2100 nostri
1591 2051 1738 2102 dota-

284 2137 474 2198 vimus,
516 2138 921 2199 sublimavimus,
965 2150 1015 2189 et
1043 2138 1482 2200 confirmavimus,
1525 2150 1582 2189 ut
1610 2140 1740 2191 ficut

280 2245 446 2279 revera
465 2246 552 2297 per
573 2229 632 2278 B.
656 2228 865 2278 Petrum
886 2228 1216 2298 Apostolum,
1247 2240 1298 2277 et
1320 2227 1613 2298 Discipulos
1631 2229 1737 2297 ejus

282 2318 628 2379 san5tiffimos,
685 2319 1025 2379 Embarium,
1078 2319 1363 2379 Valerium,
1413 2319 1735 2378 lVIaternum,

283 2409 335 2458 in
358 2407 642 2458 Trevirenfi
665 2407 958 2477 Episcopio‚
981 2420 1030 2458 et
1048 2407 1162 2457 inde
1180 2426 1267 2477 per
1296 2419 1456 2458 totam
1487 2406 1735 2469 Galliam,

288 2495 570 2546 Catholicae
596 2495 711 2545 fidei
732 2497 969 2565 primitus
997 2497 1153 2565 coepit
1174 2495 1443 2565 pullulare,
1473 2508 1521 2545 et
1543 2497 1739 2548 initiare

289 2587 692 2645 Sacramentunu
720 2585 788 2635 ita
807 2596 856 2633 et
877 2603 964 2654 per
983 2583 1113 2635 hanc
1133 2584 1422 2654 praedictam
1437 2584 1735 2650 Abbatiam,

288 2694 466 2726 omnes
492 2676 676 2743 Reges,
715 2686 763 2723 et
793 2674 1123 2743 Imperatores
1154 2692 1275 2723 cum
1303 2673 1398 2722 suis
1429 2674 1735 2743 conjugibus

285 2763 617 2834 propagandae
640 2762 822 2813 sobolis
852 2764 1244 2821 incrementum,
1282 2774 1330 2811 et
1361 2763 1534 2831 Regiae
1562 2764 1735 2832 potes-

287 2855 422 2914 tatis,
463 2871 519 2904 ac
548 2852 805 2921 dignitatis
834 2852 1025 2922 semper
1050 2853 1332 2923 percipiant
1356 2852 1733 2905 testamentum.

1388 2942 1732 2997 Decernimus
