1986 3571
779 356 1051 429 [39]

189 480 428 535 Fratrum
457 504 667 556 quoquo
707 485 862 536 modo
898 484 1175 535 abalienare
1201 476 1488 554 praesurnat,
1540 481 1635 533 fir-

187 572 406 625 miffime
433 576 777 645 praecipimus‚
815 574 896 624 sed
933 573 1080 624 liceat
1107 574 1221 624 inde
1245 573 1457 633 Abbati,
1509 572 1636 623 suis-

187 679 287 730 que
333 663 704 714 Succefforibus
747 663 1020 713 luminaria
1065 662 1303 713 Ecclefiae
1345 658 1634 722 restaurare,

186 753 394 804 aedificia
421 771 728 822 recuperare,
766 763 816 802 et
843 769 956 821 quae
983 751 1247 801 necessaria
1275 749 1639 801 tantummodo

189 843 449 894 Fratribus
468 843 603 903 sunt,
626 860 912 912 procurare.
993 841 1079 891 De
1092 841 1311 906 Ecclqstis
1340 840 1482 900 Ver&
1511 851 1560 890 et
1581 837 1640 889 de

185 931 397 982 omnibus
414 942 509 1001 per
536 942 690 982 totam
716 929 988 981 Abbatiam
1018 929 1191 980 Salicis
1218 927 1636 979 Decimationibus

186 1019 312 1070 mtlli
342 1019 523 1070 omnino
551 1018 823 1088 beneficium
851 1017 1047 1088 aliquod
1082 1017 1270 1068 concedi
1283 1016 1641 1086 permittimus,

166 1107 265 1179 βτί
288 1125 352 1158 IN
389 1126 526 1160 Usus
559 1109 929 1168 HosPITUM,
962 1123 1331 1166 PAUPERUM,
1358 1125 1419 1156 ac
1449 1121 1639 1155 FERE-

188 1214 530 1249 GRINORUM
563 1197 923 1268 perpetualiter
950 1195 1293 1265 cmssitm‘mus,
1329 1207 1477 1264 atque
1505 1195 1636 1244 Sem—

183 1287 349 1340 cimus.
433 1290 807 1340 Constituimus
841 1301 1073 1358 praeterea
1100 1285 1219 1346 hoc,
1273 1299 1322 1336 et
1350 1284 1445 1335 hac
1474 1285 1640 1335 nostra

185 1379 446 1448 Imperiali
474 1381 792 1430 Au&0ritatc
820 1379 1106 1438 firmamus,
1152 1389 1210 1426 ut
1240 1376 1273 1426 fi
1302 1377 1415 1445 quis
1442 1374 1641 1426 fortaffe

184 1469 413 1530 illorum,
470 1481 556 1519 aut
599 1469 690 1536 filij
742 1468 967 1518 filiorum
996 1468 1226 1525 suorum,
1277 1465 1462 1534 quibus
1508 1464 1642 1514 bona

184 1571 234 1609 et
260 1558 580 1629 poffeffiones
611 1559 776 1608 Sancti
804 1557 1083 1607 Maximini
1112 1554 1493 1613 beneficiamus,
1539 1553 1643 1602 fine

183 1646 381 1700 haerede
410 1646 562 1698 fuerit
590 1646 879 1706 defunffltus,
919 1644 1246 1704 beneficium,
1284 1643 1362 1693 vel
1390 1640 1642 1711 quidquid

184 1737 247 1789 ab
273 1737 455 1788 eodem
482 1737 597 1787 loco
624 1735 806 1787 habere
834 1735 963 1786 visus
991 1734 1079 1794 est,
1126 1734 1216 1784 sub
1238 1732 1343 1800 jus,
1389 1745 1438 1782 et
1465 1731 1637 1781 domi-

183 1828 332 1879 nium
365 1826 696 1898 praefatorum
725 1828 1044 1884 Samerorum,
1073 1835 1123 1874 et
1152 1823 1390 1882 Abbatis,
1428 1839 1484 1871 ac
1514 1821 1643 1871 Fra-

184 1929 328 1968 trum
375 1917 526 1987 ipfius
574 1914 870 1982 Monasterij
911 1914 1095 1974 redeat,
1148 1925 1197 1963 et
1236 1912 1464 1971 transeat,
1507 1922 1557 1960 et
1582 1910 1646 1960 ad

185 2006 601 2077 amplificandam
642 2005 1126 2074 Congregationem,
1187 2020 1279 2052 nec
1306 2020 1409 2052 non
1445 1999 1506 2050 ad
1534 2000 1642 2049 Re-

184 2095 296 2165 gale
331 2094 608 2155 servitium‚
664 2106 917 2164 quantum
963 2092 1138 2142 Abbas
1178 2091 1293 2141 inde
1338 2090 1438 2140 fine
1484 2088 1640 2138 detri—

184 2195 361 2236 mento
380 2183 591 2233 aliarum
614 2201 781 2233 rerum
806 2181 1043 2232 Ecclefiae
1062 2181 1188 2230 bene
1216 2179 1453 2249 perficere
1472 2177 1642 2248 poffit,

185 2273 371 2343 absque
419 2273 563 2322 omni
609 2271 1005 2322 contradictione
1049 2280 1355 2339 permaneat.
1439 2266 1648 2335 Insuper

185 2364 339 2415 etiam
360 2362 710 2422 concedimus,
738 2373 891 2431 atque
911 2359 1257 2430 praecipimus‚
1298 2369 1354 2407 ut
1380 2356 1514 2406 idem
1528 2354 1644 2405 Ab·

184 2452 292 2514 bas,
312 2451 487 2521 suique
501 2449 807 2501 Succeffores
831 2449 1130 2519 potestatem
1152 2446 1387 2506 habeant,
1403 2445 1643 2495 Advoca-

185 2542 278 2592 tias
307 2558 486 2591 omnes
508 2539 802 2607 Monastcrij
828 2539 920 2598 sui,
950 2539 1036 2588 cui
1067 2537 1226 2587 velint
1254 2534 1421 2594 dandi,
1452 2534 1535 2582 cui
1557 2550 1644 2582 ve-

185 2630 436 2698 lintjusto
466 2629 663 2698 judicio
693 2629 939 2679 tollendi:
989 2640 1038 2677 et
1067 2638 1123 2676 ut
1151 2623 1400 2675 Advocati
1431 2620 1639 2671 nullum.

185 2718 299 2789 post
330 2718 376 2769 se
399 2736 584 2788 ponere
609 2717 849 2778 audeant,
906 2717 992 2786 qui
1024 2726 1231 2766 vocetur
1258 2710 1644 2781 p1‘0advocatus;

186 2807 498 2878 nullumque
546 2808 797 2878 placitum
847 2820 1026 2877 praeter
1081 2805 1175 2854 tria
1219 2801 1333 2869 jure
1379 2800 1547 2850 debita
1587 2799 1643 2848 in

189 2896 416 2949 Abbatia
442 2908 606 2950 tenere
631 2897 953 2966 praesumant.
1023 2894 1138 2945 Nec
1169 2892 1413 2961 cuiquam
1442 2888 1649 2939 illorum

1480 2977 1651 3037 liceat,
