1986 3571
742 341 1044 417 [29]

826 882 915 933 N0
949 884 1024 933 ΙΙ.

203 1069 578 1125 OTTONIS
642 1068 949 1121 MAGNI
1022 1069 1636 1123 IMPERATORIS

712 1216 1137 1278 DIPLOMA,

400 1397 583 1446 Datum
620 1396 816 1454 ROMAE,
871 1396 1012 1443 Anno
1053 1395 1439 1445 DCCCCLXII.

204 1666 316 1787 IN
343 1720 550 1774 nomine
569 1722 776 1782 Sanctae,
803 1732 855 1772 et
881 1720 1151 1772 individuae
1168 1721 1455 1771 Trinitatis.
1488 1719 1637 1781 Otto,

203 1810 372 1862 divina
385 1810 583 1862 favente
604 1810 909 1870 Clementia,
960 1811 1240 1880 Imperator
1260 1809 1539 1878 Augustus.

282 1986 530 2058 Qamvis
572 1988 810 2039 omnium
839 1986 1182 2038 Ecclefiarum
1222 1987 1321 2037 Dei
1347 2005 1521 2038 curam
1553 2005 1642 2039 nos

205 2089 435 2147 oporteat
456 2095 641 2146 gerere,
667 2075 919 2146 praecipue
936 2088 1125 2136 tamen,
1160 2087 1210 2126 et
1228 2075 1485 2145 specialius
1508 2076 1643 2127 illius

210 2165 450 2216 Ecclefiae
476 2164 781 2235 profeetum‚
809 2177 859 2214 et
885 2164 1133 2215 honorem
1159 2182 1355 2233 augere,
1384 2176 1433 2214 et
1453 2164 1644 2215 confir-

209 2273 348 2305 mare
374 2253 589 2322 dignum
614 2253 874 2313 duximus,
905 2253 965 2303 de
993 2271 1092 2323 qua
1117 2265 1166 2303 et
1185 2272 1273 2323 per
1298 2272 1453 2323 quam
1476 2254 1645 2324 Regni

208 2343 383 2404 nostri,
411 2354 461 2393 et
489 2342 694 2412 Imperij
725 2343 1084 2393 corroboratur
1104 2343 1277 2404 status,
1306 2356 1355 2394 et
1375 2362 1462 2413 per
1490 2362 1647 2413 quam

213 2431 567 2483 Contedtalem
611 2432 852 2492 nostram,
907 2450 1049 2483 more
1084 2431 1494 2502 praedecefforum
1527 2431 1644 2481 nos-

212 2533 431 2582 trorum,
473 2521 629 2572 dotali
656 2521 764 2590 lege
785 2520 930 2572 nobis
952 2521 1199 2583 affociare,
1240 2534 1289 2572 et
1309 2523 1360 2571 in
1385 2522 1646 2588 Regnum,

211 2621 264 2660 et
293 2611 574 2680 Imperium
600 2610 870 2661 sublimare
890 2610 1151 2661 debemus.
1234 2612 1554 2678 Qapropter
1580 2608 1648 2660 fi-

213 2699 407 2750 delium
435 2700 720 2751 nostrorum
749 2713 854 2751 tam
881 2701 1217 2771 praesentium,
1247 2717 1401 2768 quam
1428 2710 1477 2748 et
1502 2698 1646 2748 futu-

214 2806 389 2839 rorum
414 2790 754 2858 magnitudini
780 2803 964 2841 notum
1009 2789 1100 2841 effe
1127 2788 1384 2849 volumus,
1437 2787 1652 2857 qualiter

215 2894 308 2928 nos
320 2875 400 2948 pie
412 2877 772 2951 salubriterque
787 2879 848 2933 de
870 2879 1026 2934 nostri
1044 2878 1172 2931 statu
1185 2878 1354 2950 Regni
1366 2879 1649 2937 traetantes,

1496 2965 1655 3021 devo.
