1986 3571
888 332 910 404 [
989 332 1057 391 26
1135 332 1162 404 l

307 460 670 529 principumve
708 477 793 528 per
817 458 998 512 saecula
1022 457 1404 518 succedentium
1432 456 1750 511 Benevolen-

309 549 375 600 tia
417 547 614 618 praediis
660 560 1035 616 augmentetur,
1085 547 1165 600 vel
1201 546 1537 600 Thesauris*:
1618 549 1690 599 Et
1717 549 1752 600 fi

302 650 509 709 propter
536 637 878 707 paganorum,
921 638 999 689 vel
1025 637 1313 689 infidelium
1343 628 1752 689 Christianorum

301 727 691 780 devastationem
732 728 916 779 eisdem
961 726 1153 779 Christi
1186 728 1506 780 servitoribus
1545 728 1754 798 penuria

302 817 435 868 ultra
456 816 678 868 'modum
705 818 968 887 ingruerit,
998 830 1047 868 et
1066 836 1155 888 per
1179 816 1427 869 Thesauri
1452 816 1751 868 effusionem

298 906 486 977 expelli
529 907 830 977 nequiverit,
892 908 992 958 Dei
1039 907 1454 977 Omnipotentis,
1518 918 1570 958 et
1629 908 1755 968 mei,

299 1014 639 1066 meorumque
684 995 1035 1048 Succefforum
1080 994 1303 1048 habeant
1348 996 1609 1047 licentiam
1642 998 1753 1049 alo-

300 1085 448 1138 dium
498 1103 621 1136 cum
666 1084 865 1138 familia
909 1084 936 1139 ὲ
977 1085 1214 1137 fidelibus
1266 1086 1357 1136 illo
1408 1085 1754 1138 contraditum

302 1175 473 1238 dandi,
525 1187 576 1226 et
626 1175 893 1237 vendendi,
958 1189 1233 1246 antequam
1287 1176 1386 1227 Dei
1439 1175 1758 1227 destruantur

298 1266 511 1317 servitia.
591 1266 662 1316 Et
690 1277 746 1316 ut
772 1265 911 1316 istius
941 1266 1147 1316 cartulae
1177 1264 1500 1317 confirmatio
1528 1264 1676 1316 firma
1700 1267 1753 1316 in

301 1373 467 1407 aevum
493 1366 802 1424 permaneat,
844 1354 1056 1405 describi
1083 1373 1194 1405 eam
1222 1355 1457 1425 praecepi,
1503 1366 1553 1404 et
1580 1354 1749 1405 nostro

301 1446 480 1516 Sigillo
515 1466 627 1499 eam
670 1447 787 1499 inde
830 1447 1048 1500 firmavi.
1129 1448 1329 1499 Datum
1372 1446 1531 1517 pridie
1570 1445 1749 1496 Nonas

1531 1534 1751 1606 Aprilis,

1266 1766 1391 1774 ψ--ωο-,ᾰ

296 1896 327 1939 ‘¹‘
347 1913 593 1953 instromento
620 1911 761 1964 grande
781 1902 818 1950 di
835 1911 1020 1950 accrescer
1040 1912 1074 1950 le
1093 1912 1291 1950 ricchezze
1322 1912 1615 1960 Ecclesiastiche,
1654 1922 1691 1952 et
1711 1914 1748 1952 in

295 1986 325 2005 ‘⁴
346 1980 539 2038 progresso
559 1980 596 2018 di
614 1990 746 2030 tempo
765 1979 945 2018 crebbero
965 1979 1237 2030 grandemente
1257 1980 1292 2017 in
1313 1980 1531 2030 poss‘effioni‚
1552 1990 1589 2019 et
1604 1989 1752 2021 entrate

298 2051 329 2073 ‘⁴
349 2049 488 2091 donate
515 2047 616 2093 loro,
651 2056 688 2084 et
722 2045 867 2084 lasciate
900 2059 969 2098 per
994 2046 1230 2092 testament0‚
1269 2047 1419 2085 effendo
1448 2048 1542 2085 bene
1562 2048 1662 2100 spese
1682 2050 1749 2088 all'

296 2119 326 2140 ⁴‘
346 2116 440 2154 hora
460 2114 506 2152 da
525 2114 583 2152 effi
603 2115 639 2152 in
661 2114 967 2152 Mantenimento
1002 2112 1040 2152 di
1060 2114 1181 2152 molto
1201 2127 1363 2152 numero
1390 2115 1427 2152 ‹li
1448 2116 1617 2163 Monaci,
1656 2126 1693 2155 et
1713 2118 1751 2155 in

296 2187 328 2207 “
348 2180 592 2235 Hospitalitti,
613 2182 651 2219 in
667 2180 916 2229 Educatione‚
936 2191 973 2219 et
992 2181 1098 2220 Scole
1118 2181 1156 2219 di
1177 2181 1365 2230 Giouani‚
1395 2192 1433 2221 et
1454 2184 1490 2221 in
1507 2183 1601 2223 altre
1618 2184 1750 2236 Opere

293 2254 325 2274 “‘
342 2250 420 2302 pie,
449 2250 554 2289 &c.'’

346 2322 376 2341 ‘⁶
398 2316 450 2355 Fa
486 2325 599 2356 conto
631 2316 814 2357 l'Abbate
846 2317 1052 2362 Tritemi0‚
1095 2317 1164 2354 che
1202 2319 1230 2355 li
1259 2317 1477 2368 Momficrgj
1508 2318 1564 2355 de’
1595 2319 1747 2357 Monaci

289 2388 322 2408 “
342 2386 566 2426 Benedcttini
594 2397 710 2421 erano
743 2384 822 2422 sino
855 2385 889 2422 al
920 2398 1082 2423 numero
1114 2384 1154 2423 di
1190 2396 1327 2435 15000,
1371 2385 1469 2422 oltre
1506 2384 1540 2422 le
1578 2385 1749 2437 Prepofi·

288 2455 318 2476 ‘⁴
339 2461 439 2500 ture,
466 2466 487 2492 e
507 2451 698 2492 Conventi
716 2451 904 2490 minori.”
958 2453 1031 2491 Fra
1050 2452 1165 2491 Paolo
1186 2453 1292 2504 Sarpi
1311 2453 1349 2490 in
1369 2454 1500 2491 Tratt.
1530 2452 1621 2491 dell.
1638 2454 1743 2492 Mat.

290 2519 425 2560 Benef.

343 2656 369 2679 Ἃ·
390 2655 440 2693 Et
459 2651 560 2692 certi¹
581 2661 872 2706 augmentatum
895 2652 968 2692 fuit
987 2660 1025 2691 et
1041 2652 1207 2704 praediis,
1229 2659 1266 2690 et
1283 2652 1502 2691 Thesauris.
1551 2654 1655 2694 Poss‘e
1670 2656 1744 2694 hoc

284 2721 370 2760 loco
390 2720 557 2759 sustineri
575 2723 666 2759 mille
688 2722 878 2760 Monachos
896 2729 1004 2759 extra
1024 2720 1185 2758 dubium
1205 2719 1271 2765 est,
1302 2719 1363 2757 sed
1383 2721 1442 2758 cui
1460 2721 1592 2759 bono?
1626 2723 1742 2762 Ultra

288 2801 353 2840 50,
383 2788 444 2827 vel
465 2790 528 2835 60,
563 2789 662 2840 (qui,
685 2787 726 2826 ut
746 2788 894 2839 Regula
915 2788 1021 2834 dicit,
1052 2787 1268 2824 voluntarie
1285 2787 1319 2824 se
1339 2787 1612 2836 castraverunt)
1637 2789 1738 2828 surn-

285 2870 347 2894 ma
366 2856 412 2895 ab
431 2855 697 2894 immemoriali
715 2869 790 2894 non
809 2855 979 2894 exceffit:
1020 2855 1121 2893 Divo
1148 2854 1369 2895 Fundatore
1399 2856 1437 2894 in
1470 2864 1621 2896 tantum
1653 2862 1740 2904 (non

285 2927 347 2961 :niz
366 2926 487 2964 inutili
503 2936 610 2965 terrae
618 2928 788 2977 pondere)
818 2924 978 2964 feliciter
997 2924 1173 2978 decepto.
