1986 3571
764 332 1034 408 [45]

178 460 515 514 Decernimus
568 464 739 524 etiam,
805 475 956 532 atque
1006 460 1159 529 hujus
1211 459 1393 511 nostrae
1446 458 1621 528 Regiae

178 552 508 603 Auitoritatis
558 551 927 602 confirmamus
963 550 1147 610 edieto,
1201 568 1263 600 ne
1300 548 1473 600 eadem
1504 549 1621 599 Ab·

180 641 315 690 ’batia
341 641 494 691 alicui
523 640 653 700 sedi,
685 640 763 690 vel
786 640 1023 690 EceIefiae
1045 638 1278 699 Famula,
1318 650 1404 689 aut
1429 656 1621 708 appen—

176 729 264 778 dix
285 748 512 798 unquam
532 729 808 796 subjaceat:
840 728 918 779 sed
937 729 1082 778 ficuti
1104 727 1192 778 sub
1209 727 1625 778 Praedeceflbrum

175 817 481 878 nostrorum,
521 818 585 868 fic
606 817 695 867 sub
718 817 884 867 nostro
906 835 1128 886 quoque,
1173 816 1622 887 Suceeflorumque

175 908 464 959 nostrorum
496 909 869 959 Mundiburdio
897 908 1052 958 libera
1077 907 1268 977 semper
1295 918 1581 978 permaneat
1605 926 1619 957 t

178 997 436 1047 Addentes
491 997 742 1058 videlieet,
801 1010 850 1047 et
894 997 1274 1057 constituenteS,
1335 1008 1391 1047 ut
1443 997 1623 1066 Poppo

176 1085 397 1155 ejusdem
426 1086 526 1136 loci
551 1070 744 1146 Abbas,
775 1086 949 1155 suique
977 1085 1304 1145 Sueceffmes,
1342 1086 1618 1155 praenomi-

175 1187 304 1225 natae
327 1174 551 1243 Conjugi
578 1174 772 1235 nostres,
817 1175 1005 1243 Agneti
1031 1174 1238 1234 scilieet,
1281 1173 1488 1243 aliisque
1509 1173 1620 1244 post

177 1264 322 1314 illam
352 1264 561 1331 Reginis
592 1264 641 1313 in
672 1263 852 1332 Regali
882 1264 1037 1314 Curia
1062 1263 1256 1332 semper
1292 1262 1519 1323 serviant,
1572 1274 1623 1313 et

175 1352 550 1422 obsequantur:
605 1365 654 1402 et
694 1354 809 1422 quia
855 1353 944 1402 sub
977 1353 1205 1402 Henrieo
1234 1353 1542 1422 Imperatore
1566 1371 1622 1404 ea

177 1441 310 1492 bona
354 1442 452 1491 illis
498 1442 663 1491 ablata
689 1441 822 1501 sunt,
880 1442 1010 1494 unde
1036 1442 1096 1491 ad
1124 1441 1362 1491 miiitiam
1400 1442 1487 1502 ire,
1542 1441 1622 1492 vel

173 1530 321 1580 nobis
359 1531 410 1580 in
447 1530 663 1580 seeundo
708 1530 901 1600 semper
936 1548 1068 1580 anno
1115 1529 1305 1598 Regale
1350 1531 1621 1582 Servitium

175 1618 468 1688 persolvere,
499 1619 576 1668 vel
597 1619 730 1668 unde
757 1619 822 1679 se,
864 1618 1074 1687 suosque
1100 1618 1336 1668 vietitaffe
1363 1619 1618 1681 videbant,

175 1708 442 1768 volumus,
483 1720 637 1777 atque
659 1709 1037 1768 constituimus,
1068 1720 1125 1757 ut
1146 1708 1543 1778 quotiescunque
1562 1709 1624 1759 ad

176 1798 390 1847 Curiam
420 1797 635 1865 Regiam
665 1798 908 1856 venerint,
964 1797 1061 1846 five
1100 1798 1265 1846 vocati
1302 1796 1508 1858 fuerint,
1563 1798 1624 1848 de

179 1885 340 1954 Regia
375 1885 549 1935 mens&
576 1886 860 1955 pascantur,
919 1898 968 1935 et
1009 1886 1137 1935 inter
1159 1885 1404 1946 Curiales,
1432 1898 1481 1935 et
1509 1886 1626 1936 Do-

176 1973 409 2024 mesticos
432 1974 588 2043 Regis
609 1987 658 2024 et
683 1975 891 2043 Reginae
919 1993 1022 2025 non
1052 1973 1217 2024 infimi
1246 1974 1437 2043 semper
1464 1973 1622 2025 habe-

176 2075 344 2123 antur,
386 2064 512 2114 fieut
543 2083 706 2114 revera
743 2064 1038 2133 INIagistros,
1092 2083 1149 2114 ae
1180 2064 1460 2114 provisores
1490 2064 1624 2116 illius

180 2151 417 2202 Ecclefiae
435 2152 595 2213 decet,
624 2172 712 2223 per
733 2172 888 2222 quam
914 2155 1138 2222 Regum,
1182 2166 1230 2202 et
1252 2154 1625 2223 Imperatorum

175 2239 416 2310 conjuges
444 2242 496 2291 in
526 2243 791 2310 Regnum,
839 2259 888 2292 et
919 2232 1200 2311 Imperium
1228 2242 1421 2312 semper
1448 2243 1622 2293 conse-

175 2330 321 2390 crari,
361 2342 410 2380 et
437 2330 730 2381 confirmari
757 2331 1082 2382 videbuntur.

253 2507 630 2559 Constituimus
673 2522 924 2579 praeterea,
976 2523 1025 2560 et
1053 2509 1112 2560 ad
1136 2510 1455 2580 praebendam
1494 2510 1622 2560 Fra-

175 2607 334 2658 trum,
354 2598 481 2648 inibi
500 2599 611 2648 Deo
623 2597 1004 2659 famulantium,
1024 2600 1299 2669 specialiter
1311 2599 1618 2667 delegamus,

177 2686 429 2756 quidquid
455 2686 544 2737 sub
573 2688 887 2757 temporibus
915 2689 1105 2749 Caroli,
1147 2700 1298 2757 prout
1326 2688 1425 2756 ipse
1445 2687 1615 2757 dispo-

180 2775 297 2835 suit,
320 2774 638 2845 aliorumque
658 2777 1069 2846 praedeeefforum
1091 2777 1374 2827 nostrorum
1398 2777 1623 2845 Regum,

178 2863 258 2915 vel
298 2864 671 2935 Imperatorum
698 2866 759 2917 ad
786 2866 1186 2937 peculiaritatem
1230 2864 1438 2918 illorum
1464 2867 1624 2935 perti-

1516 2973 1632 3009 nere
