1986 3571
886 318 909 389 [
988 320 1058 372 60
1137 319 1164 390 ]

299 447 543 499 Triburia
586 445 766 497 nostrae
814 445 1090 515 Regalitati
1135 444 1523 516 copulavimus:
1578 456 1628 496 et
1675 445 1750 496 se·-

299 536 531 587 cundum
569 553 788 596 morem,
852 548 902 586 et
947 534 1318 586 institutionem
1363 534 1569 605 piissimi
1595 553 1750 605 gene-

294 627 418 676 toris
472 624 647 685 nostri,
721 624 927 695 Avique
980 624 1154 686 nostri,
1226 625 1444 676 Henrici
1496 625 1747 685 videlicet,

290 727 445 785 atque
498 712 798 765 Chuonradi
849 713 1292 765 invistiffimorum
1350 715 1747 785 Imperatorum,

291 804 615 877 aliorumque
667 803 1088 857 Praedecefforum
1144 805 1450 867 nostrorum,
1523 806 1751 876 Regum,

286 905 339 944 et
368 894 765 965 Imperatorum,
816 895 1051 955 Henrici,
1097 913 1189 945 nec
1236 914 1339 947 non
1385 896 1543 946 trium
1587 893 1749 945 Otto-

293 1002 443 1045 num,
489 983 771 1055 Arnolphi,
823 984 1010 1054 Magni
1045 984 1242 1045 Karoli,
1294 984 1519 1055 Pippini,
1569 985 1754 1054 Dago-

287 1074 438 1136 berti,
496 1074 837 1135 Constantini,
879 1086 928 1124 et
955 1075 1195 1125 omnium
1227 1075 1452 1143 Regum,
1493 1085 1542 1124 et
1566 1074 1743 1144 Impe-

295 1177 524 1218 ratorum
547 1161 574 1214 a
601 1176 831 1234 tempore
858 1162 1052 1233 praefati
1080 1164 1422 1224 Constantini,
1460 1175 1510 1214 et
1538 1163 1750 1215 Helenae

295 1255 484 1306 Matris
512 1253 649 1305 illius
678 1253 989 1304 sanetifl‘zmae
1034 1253 1190 1323 usque
1222 1253 1284 1303 ad
1319 1271 1430 1313 nos,
1482 1271 1604 1303 cum
1631 1252 1747 1304 Ab-

292 1345 430 1397 batia
457 1346 507 1396 S.
555 1345 856 1405 Maximini,
907 1346 998 1415 qui
1034 1345 1085 1395 in
1132 1344 1375 1396 suburbio
1414 1328 1747 1395 Trevirorum

289 1433 622 1505 corporaliter
648 1433 878 1504 quiescit,
926 1452 1047 1484 cum
1076 1432 1316 1484 omnibus
1346 1432 1514 1493 rebus,
1569 1444 1619 1482 et
1638 1433 1746 1483 Ec-

293 1523 475 1584 clefiis,
521 1541 579 1573 ac
607 1522 985 1593 possessionibus
1031 1522 1094 1574 ad
1119 1541 1231 1574 eam
1276 1523 1327 1573 in
1357 1521 1748 1593 quibuscunque

290 1612 419 1666 locis
447 1611 581 1683 juste
606 1626 657 1667 et
685 1612 912 1683 legaiiter
937 1599 1305 1683 pertinentibus
1327 1613 1746 1682 praenominatam

288 1704 566 1773 conjugem
595 1702 837 1764 nostram,
867 1701 1109 1754 Bertham
1133 1701 1324 1753 scilicet
1347 1685 1625 1771 Reginam,
1668 1701 1748 1753 le·-

284 1794 472 1863 gitimo
498 1793 622 1860 Jure
648 1793 700 1853 in
729 1810 945 1862 regnum
973 1791 1120 1842 nobis
1141 1791 1510 1851 affociavimus,
1542 1791 1742 1843 dotavi-

289 1902 428 1943 mus,
476 1900 533 1936 ac
561 1893 806 1952 perpetuo
826 1880 942 1949 jure
969 1881 1238 1932 firmamus
1267 1900 1278 1931 :
1324 1893 1380 1930 ut
1407 1881 1553 1930 sicuti
1580 1898 1746 1932 revera

287 1975 528 2046 primitus
542 1990 629 2042 per
642 1972 856 2022 Beatum
871 1971 1079 2021 Petrum
1101 1969 1430 2040 Apostolum,
1451 1981 1500 2020 et
1517 1968 1741 2040 discipu-

285 2064 363 2115 los
385 2063 491 2132 ejus
519 2059 867 2120 ianffiffimos,
892 2059 1230 2120 Eucharium,
1247 2059 1529 2119 Valerium,
1548 2071 1597 2109 et
1618 2059 1742 2110 Ma·-

285 2165 513 2213 ternum,
551 2162 600 2201 et
627 2149 794 2220 postea
820 2168 907 2220 per
935 2149 1140 2200 beatum
1170 2149 1453 2217 Agritium,
1488 2149 1742 2200 Maximi-

286 2261 436 2303 num,
477 2259 534 2292 ac
563 2240 838 2293 Paulinum
860 2241 911 2290 in
933 2240 1216 2290 Trevirenfi
1240 2239 1531 2309 Episcopio,
1560 2252 1610 2289 et
1628 2239 1747 2292 inde

287 2352 376 2405 per
398 2343 560 2384 totam
583 2329 831 2390 Galliam,
863 2327 1145 2379 Catholicae
1174 2329 1335 2389 Fidei,
1365 2342 1413 2379 et
1443 2326 1741 2381 Christianae

284 2420 588 2477 Devotionis
611 2420 746 2489 cepit
766 2418 1033 2488 pullulare,
1049 2431 1097 2469 et
1118 2420 1311 2469 initiare
1327 2422 1737 2480 Sacramentum,

282 2514 347 2565 ita
378 2530 466 2584 pzr
491 2508 751 2580 praefatam
772 2507 1048 2558 Abbatiam
1076 2509 1241 2558 Sancti
1261 2508 1542 2557 N'Iaximiui
1561 2525 1740 2560 omnes

284 2603 451 2672 Rebes
479 2613 528 2651 et
560 2601 911 2669 imperatore&
954 2616 1010 2648 ac
1038 2597 1295 2666 Coz‘ijuges
1325 2597 1533 2647 iilorum
1566 2597 1741 2667 Regia»,

287 2694 588 2762 Didnitatiffi
618 2703 668 2742 et
695 2689 1028 2760 propagandae
1054 2688 1249 2739 Sobc-lis
1282 2688 1560 2758 percipiant
1589 2688 1744 2740 Fun-

285 2784 605 2837 damentum.
686 2782 944 2833 Volumus
973 2782 1145 2842 etiam,
1194 2782 1295 2830 &cu

1356 2958 1732 3012 Constituimus
