1986 3571
886 321 909 391 [
988 339 1058 388 40
1137 323 1162 393 ]

294 449 461 509 liceat,
511 448 680 518 aliqua
724 447 982 499 Violentia
1024 446 1260 500 homines
1305 468 1525 520 gravare,
1576 462 1663 502 aut
1707 453 1757 505 vi

299 538 631 590 Paraveredos
659 556 857 599 eorum,
911 550 998 589 aut
1033 557 1216 608 pecora
1244 539 1437 601 tollere,
1492 540 1572 592 vel
1602 541 1756 611 quic-

292 645 451 696 quam
488 626 633 697 super
672 627 954 688 Officiales,
999 640 1087 679 aut
1115 629 1407 690 Ministros,
1460 630 1559 681 five
1586 631 1749 681 Man-

294 714 550 778 fionarios,
598 717 680 769 seu
708 718 882 769 omnia
907 718 1033 786 Jura
1055 718 1273 770 Abbatis
1303 719 1625 771 constituere.
1685 721 1758 770 Et

289 816 351 855 ut
393 803 495 858 hoc
539 808 719 859 nostrae
756 805 1103 860 Authoritatis
1132 821 1450 880 praeceptum
1479 809 1597 860 inde
1624 828 1754 860 con-

290 898 559 968 scriptum,
582 898 794 950 firmum
823 911 872 950 et
893 897 1068 949 stabile
1088 898 1285 969 semper
1309 911 1619 969 permaneat,
1649 917 1754 950 non

289 988 457 1041 solum
497 988 599 1040 hoc
640 1008 799 1041 manu
845 988 1048 1060 propria
1094 988 1440 1049 firmavimus,
1495 1001 1546 1039 et
1587 988 1754 1058 Sigilli

289 1078 447 1131 nostri
483 1079 803 1150 impreffione
836 1079 1029 1130 muniri
1067 1077 1326 1146 juffimus,
1371 1075 1549 1132 verum
1575 1079 1752 1139 etiam,

290 1179 348 1219 ut
394 1168 610 1220 firmiori
652 1170 951 1220 auctoritate
979 1168 1215 1238 polleret,
1271 1167 1547 1219 Beatiffimi
1586 1167 1751 1218 Patris

290 1258 466 1320 nostri,
488 1259 706 1310 Domini
727 1258 965 1312 videlicet
988 1257 1264 1318 Benedicti,
1283 1257 1419 1308 Sedis
1438 1256 1750 1328 Apostolicae

288 1347 538 1410 Praesuli8‚
582 1348 917 1418 Privilegium
945 1346 1060 1398 inde
1087 1347 1458 1417 conscriptum,
1498 1359 1549 1400 et
1577 1347 1748 1417 Apos-

286 1437 441 1490 tolica
484 1439 804 1490 Auctoritate
853 1437 1171 1499 roboratum,
1231 1436 1441 1507 praefato
1492 1436 1752 1491 Coenobio

280 1526 514 1580 obtinere
532 1529 835 1580 meruimus.
885 1529 963 1580 Ut
982 1527 1037 1590 fi,
1068 1527 1206 1598 quod
1224 1527 1371 1589 absit,
1399 1526 1584 1598 aliquis
1615 1527 1746 1577 Suc-

274 1617 530 1670 —cefforum
550 1617 1096 1687 nostrorum‚Regum,
1119 1616 1195 1669 vel
1213 1618 1611 1687 Imperatorum,
1634 1614 1746 1667 dia-

279 1707 449 1760 bolica
473 1707 711 1760 aviditate
737 1719 1030 1779 corruthS‚
1062 1708 1343 1779 quicquam
1374 1706 1436 1758 de
1474 1704 1576 1768 his,
1632 1725 1746 1776 quae

278 1795 474 1867 praefati
484 1796 607 1867 saepe
619 1796 916 1866 Monasterij
935 1796 1197 1849 Fratribus
1211 1796 1273 1847 ad
1290 1797 1517 1869 quietem
1530 1795 1745 1852 illorum

276 1884 658 1947 constituimUS,
713 1887 1018 1939 imminuere
1065 1886 1350 1946 tentaverit,
1399 1885 1597 1947 Abbas‚
1651 1886 1744 1959 qui

279 1986 405 2027 tunc
424 1974 497 2025 ibi
516 1974 712 2045 praeeffe
730 1974 1003 2037 videbitur,
1033 1994 1090 2026 ac
1110 1976 1309 2029 Fratres
1338 1974 1499 2028 libere
1514 1974 1744 2048 Aposto-

284 2062 440 2114 licam
492 2064 692 2126 Sedem,
740 2065 824 2115 cui
876 2064 1014 2116 idem
1057 2064 1202 2115 locus
1247 2064 1600 2118 sacratiffimus
1646 2064 1738 2117 sub

274 2154 497 2223 antiquis
545 2153 862 2224 temporibus
919 2153 1245 2205 Constantini
1290 2155 1639 2225 Imperatoris,
1688 2166 1741 2207 et

277 2242 490 2294 Helenae
522 2243 708 2295 Matris
738 2243 876 2295 illius
903 2243 1131 2294 addictus
1160 2243 1254 2294 effe
1279 2244 1615 2313 dignoscitur,
1671 2244 1738 2297 fi-

273 2332 538 2383 ducialiter
555 2332 833 2402 appellent,
849 2344 899 2384 et
916 2333 978 2383 ad
998 2351 1131 2394 eam,
1155 2333 1292 2403 quasi
1315 2332 1405 2403 filij
1426 2333 1488 2384 ad
1508 2334 1738 2385 Matrem

274 2420 595 2490 confugiant,
626 2433 683 2471 ut
711 2421 773 2471 ab
791 2439 865 2482 ea,
894 2421 1042 2472 ficuti
1062 2421 1278 2491 dignum
1307 2421 1396 2484 est,
1424 2421 1615 2483 fulciti,
1650 2435 1740 2474 aut

269 2530 344 2572 ea,
373 2530 486 2582 quae
504 2512 620 2562 inde
638 2510 940 2563 abstulimus
963 2511 1096 2564 bona
1114 2511 1199 2562 sua
1211 2512 1474 2581 recipiant,
1496 2522 1584 2562 aut
1596 2511 1738 2581 quod

268 2619 362 2652 nos
390 2619 483 2672 pro
505 2601 655 2652 tantis
677 2600 846 2661 bonis,
869 2612 919 2651 et
939 2599 1318 2670 poffeffionibus
1343 2601 1509 2651 Sancti
1527 2598 1733 2669 Johan-

270 2689 349 2739 nis
384 2702 437 2740 et
464 2692 631 2742 Sancti
669 2690 949 2742 Maximini
983 2689 1099 2740 inde
1124 2689 1394 2743 Abbatum
1437 2689 1499 2741 ad
1527 2690 1735 2761 quietu-

269 2776 443 2831 dinem
495 2780 707 2833 illorum
758 2779 1124 2839 ordinavimu5‚
1189 2791 1342 2848 atque
1392 2778 1732 2841 firmavimuS,

264 2870 314 2921 A
321 2867 898 2941 postolicaAuthoritate
918 2868 1140 2922 roborati
1161 2867 1389 2921 obtinere
1407 2867 1729 2943 praevaleant.

1515 2958 1730 3028 Signum
