1986 3571
853 412 1121 491 [90]

248 551 563 610 membrum,
600 548 682 599 seu
710 547 992 618 capiantur,
1022 558 1111 598 aut
1133 546 1182 596 in
1201 563 1283 596 eos
1307 563 1486 596 manus
1509 536 1707 597 violem*

247 654 321 691 ter
361 638 754 710 quomodolibet
796 639 1111 707 ingerantur,
1170 635 1247 686 vel
1294 635 1487 703 injuriae
1524 635 1707 705 aliquae

248 729 546 789 inferantur,
577 729 757 798 quovis
779 727 985 798 quaefito
1006 726 1194 777 colore.
1252 725 1540 776 Consilium
1563 725 1702 785 vero,

246 819 386 890 quod
422 817 554 870 mihi
580 818 820 869 credituri
844 817 960 868 sunt
988 836 1076 888 per
1102 817 1168 878 se,
1224 828 1312 867 aut
1355 817 1583 876 nuntios,
1624 815 1707 866 seu

244 911 487 970 Litteras,
529 909 591 959 ad
618 927 797 959 eorum
825 907 1098 967 damnum,
1152 925 1236 957 me
1270 906 1472 966 sciente,
1514 904 1708 955 nemini

251 1000 489 1071 pandam.
570 999 821 1069 Papatum
852 1000 1173 1058 Romanum,
1209 1009 1259 1048 et
1296 996 1506 1066 Regalia
1541 994 1707 1045 Saneti

246 1091 404 1151 Petri,
447 1088 672 1157 Adjutor
689 1090 758 1140 eis
787 1107 872 1138 ero
899 1088 961 1138 ad
988 1087 1330 1148 retinendum,
1360 1098 1410 1137 et
1429 1083 1707 1136 defenden-

247 1179 374 1230 dum
431 1195 692 1230 CONTRA
740 1195 971 1228 oMNEM
1027 1178 1395 1227 HOMINEM&
1487 1176 1707 1245 Legatos

249 1268 556 1339 Apostolicae
585 1267 711 1319 sedis
739 1268 791 1318 in
818 1267 1007 1328 eundO,
1060 1279 1110 1318 et
1139 1266 1394 1317 redeundo
1421 1263 1707 1316 honorifice

242 1357 487 1419 traetabo,
528 1369 578 1408 et
606 1359 658 1408 in
686 1357 783 1407 suis
807 1356 1182 1407 neceffitatibus
1218 1354 1502 1423 adjuvabo:
1557 1354 1701 1422 Jura,

245 1449 508 1510 Honores,
566 1447 853 1516 Privilegia,
915 1458 965 1497 et
1007 1444 1394 1497 Authoritatem
1457 1444 1708 1496 Romanae

244 1537 506 1599 Ecclefiae,
561 1537 782 1588 Domini
825 1536 981 1587 nostri
1034 1536 1201 1606 Papae,
1259 1547 1309 1585 et
1356 1533 1709 1586 Succefforum

247 1627 608 1700 praedie'mrum
629 1626 935 1687 conservare,
965 1624 1248 1686 defendere,
1287 1642 1485 1694 augere,
1514 1636 1564 1675 et
1583 1642 1708 1695 pro-

245 1736 452 1772 movere
489 1716 697 1768 curabo.
778 1716 894 1766 Nec
925 1734 1010 1767 ero
1037 1717 1089 1767 in
1120 1714 1367 1775 Confilio,
1414 1713 1567 1776 facito,
1627 1714 1710 1766 vel

245 1811 481 1869 trastatu,
528 1808 581 1858 in
618 1806 804 1877 quibus
843 1818 1020 1857 contra
1053 1805 1220 1877 ipsum
1257 1805 1551 1855 Dominum
1588 1803 1709 1854 nos-

248 1912 410 1960 trum,
468 1897 547 1949 vel
589 1897 800 1948 eandem
856 1896 1140 1946 Ecclesiam
1194 1895 1489 1945 Romanam
1536 1893 1708 1963 aliqua

247 1988 457 2048 sinistra,
499 1987 578 2038 vel
606 1985 720 2057 praej
733 1985 963 2036 udicialia
991 1984 1228 2055 personae,
1268 1982 1498 2044 honoris,
1528 1982 1705 2044 status,

247 2078 408 2147 Juris,
435 2088 485 2128 et
506 2076 763 2148 potestatis
787 2094 965 2126 eorum
986 2073 1368 2125 machinentur.
1430 2074 1502 2123 Et
1529 2072 1564 2123 fi
1592 2071 1721 2124 talia,

249 2167 278 2219 {1
305 2166 694 2238 quibuscunque
720 2165 980 2235 procurari
999 2182 1204 2225 novero,
1247 2163 1325 2214 vel
1351 2163 1565 2224 tractari,
1602 2162 1706 2212 im-

249 2257 450 2328 pediam
466 2255 575 2306 haec
595 2274 687 2325 pro
707 2254 860 2325 poffe,
890 2266 940 2305 et
961 2255 1309 2324 quantocitius
1331 2266 1527 2324 potero,
1555 2273 1705 2306 com-

250 2345 403 2399 mode
429 2343 723 2415 fignificabo
750 2344 912 2394 eidem
943 2344 1175 2394 Domino
1202 2343 1390 2404 nostro,
1437 2344 1516 2394 vel
1542 2344 1705 2407 alteri,

251 2456 341 2509 per
392 2454 547 2506 quem
600 2434 662 2484 ad
713 2434 865 2504 ipsius
911 2435 1146 2484 notitiam
1195 2434 1381 2502 poterit
1424 2435 1702 2502 pervenire.

253 2526 480 2597 Regulas
510 2527 808 2577 Sanctorum
851 2524 1083 2586 Patrum,
1128 2524 1364 2585 Decreta,
1404 2524 1704 2576 Ordinatio-

1597 2633 1704 2679 ne3‚

305 3001 327 3021 ²*
351 2997 467 3044 Itane,
514 3007 649 3033 SERVE
691 3007 928 3033 SERVORUM
968 2997 1057 3041 Dei,
1097 2995 1257 3045 chmcm
1293 3005 1390 3034 tuum
1425 3009 1490 3032 non
1521 2992 1568 3041 est
1598 2991 1700 3047 hujus

253 3063 421 3100 Mundi?
