1986 3571
760 297 1033 375 [57]

158 444 262 498 que
295 426 404 497 lege
441 425 621 478 exinde
656 427 1050 498 perfruerentur.
1132 425 1514 482 Confirmatum
1539 414 1612 482 est

160 517 332 587 itaque
357 535 533 568 eorum
564 518 909 580 Sacrament0‚
951 520 1054 570 &C.

234 696 409 747 Omnes
439 694 662 765 Ecclcfiae
693 707 743 747 et
777 694 951 748 Salz'cae
985 695 1363 758 Decz'matz'ones‚
1418 707 1521 749 tam
1558 694 1612 749 in

155 777 338 854 Agris,
388 804 529 856 quam
567 785 617 836 in
641 784 820 846 Vineis,
848 786 965 854 sive
991 785 1041 836 in
1071 785 1223 837 Silvis
1259 785 1525 857 ubicunque
1558 785 1611 838 in

151 874 336 944 praedio
365 875 540 924 Sanft'i
560 873 833 924 Maximini
838 873 1141 942 jacentibus,
1184 885 1286 925 tam
1313 874 1363 925 in
1385 874 1608 926 Kiliwu-

148 962 273 1024 alde,
329 962 473 1033 quc‘mz
514 962 563 1013 in
594 962 736 1013 Silva
779 963 913 1014 circa
963 975 1150 1014 curtem
1204 962 1476 1032 Steizzstelffl
1530 963 1620 1015 vel

155 1051 379 1123 Castrum
415 1051 778 1113 Luzelenbzcrc,
830 1064 922 1104 aut
966 1052 1017 1104 in
1064 1056 1227 1115 Hart,
1278 1054 1364 1104 vel
1404 1055 1476 1103 W
1468 1051 1605 1114 aber,

133 1141 298 1211 juxta
326 1139 574 1193 Talevanc
599 1141 866 1210 adjacente,
919 1141 989 1193 ad
1011 1143 1047 1193 S
1049 1142 1357 1212 zffceptz'mem
1395 1157 1606 1192 HosPI-

157 1249 318 1294 TUM,
348 1234 400 1283 εί
441 1245 782 1283 PAUPERUM
820 1248 1071 1283 DEBENT
1107 1248 1496 1282 PERTINERE.
1541 1231 1605 1281 In

147 1309 250 1376 suis
291 1321 408 1373 verb
455 1321 621 1382 Silvis,
682 1339 805 1391 quas
834 1320 1002 1372 adhuc
1031 1320 1227 1382 Abbas,
1280 1332 1366 1371 aut
1405 1321 1605 1372 Fratres

147 1410 334 1463 habere
359 1412 613 1472 videntur,
644 1411 894 1481 quidquid
923 1411 1013 1462 fibi
1036 1410 1157 1462 utile
1185 1410 1455 1472 videbitur,
1509 1428 1604 1461 ex-

151 1502 310 1571 ceptis
327 1500 443 1552 feris
463 1501 701 1569 bannitis,
732 1500 873 1551 decet
892 1519 974 1551 eos
995 1498 1152 1550 libere
1169 1499 1444 1570 disponere.
1486 1500 1604 1551 Ad-

149 1589 320 1642 dimus
360 1592 519 1643 etiam‘
555 1609 666 1652 nos,
719 1603 769 1642 et
808 1590 971 1642 nostra
990 1589 1247 1660 Imperiali
1277 1587 1605 1640 Authoritate

145 1679 427 1732 firmiffime
469 1680 839 1741 interdicimus,
894 1692 952 1730 ut
995 1679 1167 1730 nullus
1213 1678 1602 1729 Advocatorum

150 1769 359 1842 aliquOd
385 1768 635 1840 placitum
659 1782 837 1840 praeter
865 1770 958 1820 tria
983 1769 1106 1837 Jure
1125 1767 1293 1818 debita
1308 1768 1360 1817 in
1381 1766 1605 1817 Abbatia

149 1858 332 1911 habeat
349 1885 365 1920 3
392 1858 564 1909 nullus
585 1857 795 1910 illorum
814 1856 1049 1928 hospitia,
1068 1857 1149 1907 seu
1169 1856 1364 1906 servitia
1388 1856 1441 1906 in
1465 1855 1605 1906 Cur-

147 1949 285 2001 tibus
314 1949 552 2011 Abbatis,
592 1961 680 2000 aut
703 1951 961 2009 Fratrum,
987 1947 1086 1998 five
1111 1945 1137 1997 ὲ
1157 1945 1372 2006 rustici8‚
1402 1944 1604 1996 violen-

147 2049 226 2090 ter
250 2040 453 2109 exigat,
485 2038 656 2090 nullus
684 2057 861 2089 eorum
889 2056 977 2108 per
1002 2036 1286 2096 incifiones,
1313 2047 1399 2086 aut
1425 2035 1602 2105 petiti-

144 2146 286 2189 ones,
327 2127 561 2179 homines
589 2147 809 2198 gravare,
838 2140 924 2178 aut
954 2128 1001 2178 vi
1027 2145 1209 2197 pecora
1230 2125 1460 2186 illorum,
1513 2137 1601 2176 aut

148 2217 478 2270 Paraveredos
501 2218 676 2269 tollere
696 2218 991 2288 praesumat:
1036 2218 1154 2286 quia
1169 2216 1250 2266 sex
1270 2215 1452 2275 millia,
1482 2214 1598 2284 sep-

146 2309 426 2379 tingentos,
485 2308 874 2378 quinquaginta,
930 2320 981 2358 et
1030 2306 1251 2376 amplius
1295 2305 1494 2356 mansos
1539 2304 1602 2354 de

146 2397 466 2449 bonisSansti
486 2397 784 2457 Nlaximini,
816 2396 949 2447 unde
971 2395 1144 2449 Abbas
1166 2396 1219 2446 in
1245 2395 1486 2445 militiam
1507 2396 1598 2455 ire,

149 2498 199 2538 et
227 2486 404 2538 nostrae
439 2488 727 2548 conteehlli,
781 2487 859 2538 vel
897 2486 1041 2538 nobis
1069 2488 1116 2537 in
1148 2485 1366 2536 secundo
1406 2484 1600 2554 semper

146 2593 279 2627 anno
296 2577 473 2628 servire
492 2577 685 2645 debuit,
714 2577 775 2627 ad
794 2576 894 2627 hoc
920 2577 1055 2627 idem
1084 2575 1334 2627 Advocati
1354 2592 1414 2624 ex
1432 2573 1599 2623 nostra

146 2677 287 2736 parte
314 2663 502 2716 habent
528 2667 580 2717 in
610 2665 938 2727 beneficium,
991 2679 1048 2716 ut
1087 2677 1280 2723 caetera,
1324 2680 1438 2731 quae
1467 2663 1599 2712 Fra-

146 2753 309 2803 tribus
363 2754 713 2815 remanserant,
778 2755 964 2825 absque
1014 2754 1158 2805 omni
1212 2734 1597 2802 Advocatorum

146 2841 392 2903 molestia,
421 2842 590 2914 quiete
607 2843 902 2914 poffideant.
951 2844 1157 2895 Harum
1175 2841 1411 2892 omnium
1429 2857 1598 2889 rerum

804 2934 830 2986 I
1420 2927 1597 2981 testem
