2040 3550
816 280 1050 353 [9]

206 406 477 478 Advocati,
504 419 555 460 et
583 407 803 461 Patroni
826 407 1180 479 TemporaleS,
1216 417 1267 460 et
1285 426 1346 460 ex
1371 405 1474 461 hoc
1502 409 1655 462 titulo

203 498 265 548 ab
285 499 553 569 Hospitale
574 499 690 550 sunt
709 489 957 549 infeudati
976 497 1197 568 plaustro
1217 499 1342 560 vini,
1364 498 1654 569 recipiendo

199 589 462 638 annuatim
489 606 550 639 ex
576 587 696 638 villa
718 587 807 638 fibi
825 589 1190 657 appertinente,
1234 589 1443 658 Urtzig‚
1484 587 1645 659 prope

202 676 475 726 Mosellam
492 703 508 738 ς
559 694 651 746 pro
688 695 792 745 quo
817 675 1042 745 plaustro
1068 677 1174 726 vini
1201 694 1263 726 ex
1288 676 1401 746 post
1444 676 1650 745 (saeculo

215 766 303 834 16)
361 762 442 815 sex
478 764 671 816 maidra
705 766 865 835 grani,
916 783 979 814 ex
1014 764 1188 815 eadem
1215 765 1334 816 villa
1371 764 1552 826 annue,
1602 777 1654 817 et

195 853 310 921 jure
333 852 519 904 feudali
539 853 763 913 levanda,
794 854 955 924 partis
984 853 1246 923 utriusque
1273 853 1511 905 consensu
1530 853 1652 905 sub-

204 942 404 993 stituere
429 941 601 994 libuit.

279 1118 547 1181 Ordz'nczta,
577 1132 626 1170 et
648 1118 1016 1189 constitutiones
1035 1118 1299 1170 Abbatiae:
1349 1118 1536 1170 saeculis
1565 1136 1647 1187 14,

212 1228 231 1263 ι
246 1227 295 1280 5,
323 1222 373 1260 et
408 1210 529 1261 16t0·
565 1207 816 1279 praeeipue
837 1209 926 1258 sub
957 1207 1244 1258 Abbatibus
1277 1209 1476 1268 Ottone,
1518 1206 1648 1259 ‘Tho-

204 1318 301 1359 ma,
353 1309 403 1349 et
434 1297 683 1348 Vincentio
719 1297 1060 1367 graviffimam
1100 1297 1486 1366 obligationem,
1538 1315 1651 1366 quae

208 1389 518 1441 Monasterio
556 1390 745 1440 ratione
782 1387 935 1456 hujus
966 1389 1267 1458 Hospitalis,
1309 1387 1651 1456 habendaeque

203 1479 412 1549 desuper
449 1497 602 1539 curae,
655 1497 712 1529 ac
753 1478 1043 1547 Vigilantiae
1082 1476 1326 1547 perpetuo
1368 1476 1644 1536 incumbit,

209 1581 317 1621 tam
351 1566 662 1637 Emphatica
700 1566 1012 1626 Abbatibus,
1066 1578 1116 1616 et
1155 1550 1505 1615 Conventibus
1533 1563 1649 1634 ipsls

205 1655 587 1709 succedentibus
626 1654 934 1707 mandarunt
963 1654 1224 1713 Oratione,
1267 1666 1342 1714 ut,
1385 1653 1419 1703 fi
1448 1651 1651 1721 quando

205 1745 317 1800 haec
360 1747 441 1817 pia
477 1746 519 1796 F
526 1744 731 1795 undatio
772 1763 1000 1813 unquam
1041 1742 1395 1811 negligeretur,
1449 1740 1651 1810 ejusque

206 1836 396 1887 reditus
449 1833 674 1904 ipsorum
727 1833 921 1884 incuria
978 1830 1391 1889 abalienarentur,
1463 1827 1541 1879 vel
1590 1829 1652 1878 ad

208 1923 415 1977 maffam
453 1922 708 1984 Abbatiae,
753 1921 957 1991 ejusque
995 1919 1108 1970 usus
1149 1917 1336 1968 nefario
1364 1916 1485 1967 ausu
1510 1916 1646 1967 abri-

207 2024 464 2084 perentur,
527 2012 597 2062 ita
647 2023 705 2062 ut
757 2028 1017 2081 pauperes,
1072 2007 1280 2068 debiles,
1333 2018 1382 2056 et
1421 2004 1650 2056 infirmos

208 2119 438 2170 unquam
493 2099 771 2152 defraudari
815 2100 1098 2168 contingat,
1151 2097 1308 2147 dietos
1354 2093 1646 2146 succeffores

209 2190 776 2250 Excommunicatione,
800 2188 1005 2257 aliisque
1035 2187 1267 2237 Censuris
1287 2182 1646 2235 Ecclefiastieis

210 2279 347 2332 feriri
374 2278 550 2339 velint,
592 2279 746 2347 inque
776 2277 863 2327 tali
890 2277 1001 2327 casu
1029 2275 1157 2346 ipsos
1184 2286 1497 2335 execrentur,
1532 2288 1650 2321 om-

205 2367 453 2438 nibusque
479 2367 596 2418 diris
619 2366 914 2427 devoveant,
955 2366 1059 2416 &e.
1142 2363 1312 2414 Verba
1338 2362 1453 2413 sunt
1476 2380 1488 2411 :

284 2554 320 2574 “
351 2547 593 2614 Rogamus
620 2543 752 2613 ergb,
808 2555 856 2594 et
890 2541 1211 2593 adhortamur
1238 2536 1522 2608 Succqffbres
1545 2538 1653 2608 nos-”-

215 2641 250 2661 “
282 2644 382 2683 tros
408 2633 647 2694 Abbates,
690 2645 739 2683 et
768 2633 1049 2683 Conventus
1075 2631 1124 2680 in
1155 2627 1339 2697 Chrssi
1371 2625 1650 2697 visceribus,

215 2728 250 2748 “
281 2731 328 2770 et
369 2722 559 2772 Samae
584 2720 781 2771 ZVIcztris
805 2719 921 2788 ejus,
966 2731 1023 2769 ut
1050 2736 1217 2768 curam
1243 2714 1472 2774 habeant,
1527 2733 1651 2785 qua-

217 2817 253 2836 “
283 2819 419 2858 tenus
437 2809 578 2877 hujus
606 2810 730 2861 Hos
744 2826 797 2859 ΡΙ
812 2825 898 2859 TA
912 2826 939 2857 L
953 2826 968 2858 1
982 2826 1001 2858 s
1035 2802 1305 2874 magnifice
1331 2802 1492 2853 delati
1513 2802 1652 2863 bona,

880 2898 923 2945 C
1541 2899 1577 2919 “
1606 2901 1655 2940 ef
