1986 3571
899 316 1168 388 [52]

310 445 400 495 sub
436 464 613 495 eorum
640 462 759 494 cura
788 455 1005 503 teneant,
1055 456 1105 494 et
1135 443 1282 512 juxta
1311 444 1459 495 suum
1487 445 1757 497 arbitrium

311 532 496 594 secure,
547 531 733 602 quiete,
780 547 830 582 et
856 531 1068 602 pacifice
1094 532 1389 603 poflideant,
1441 535 1630 586 Divina
1659 535 1757 585 ob-

313 622 590 682 testatione,
634 633 683 672 et
711 620 806 672 hac
835 621 1000 672 nostra
1027 621 1324 691 Apostolica
1353 622 1763 674 Confirmatione

313 711 478 761 taliter
503 711 604 762 illis
623 711 941 772 roboramus,
971 723 1027 761 ut
1055 711 1226 762 nullus
1254 712 1555 782 Imperator,
1587 712 1762 765 nullus

314 802 446 862 Rex,
500 801 672 851 nullus
701 800 897 861 Abbas,
954 799 1126 851 nullus
1156 801 1300 862 Dux,
1348 800 1520 851 nullus
1552 802 1764 861 Comes,

307 903 395 941 aut
440 891 814 949 Vice-Comes,
862 888 1015 941 nullae
1062 888 1424 940 Ecclefiasticae
1455 890 1761 959 Dignitatis,

310 981 389 1032 vel
418 979 688 1031 mundanae
716 978 1022 1029 conditionis
1050 996 1254 1048 magna,
1283 996 1537 1048 parvaque
1555 978 1765 1048 persona

307 1071 461 1122 alicui
507 1070 667 1122 libero
711 1068 931 1130 homini,
997 1069 1095 1120 five
1136 1069 1338 1121 alterius
1369 1070 1627 1131 Ecclefiae,
1682 1070 1761 1121 vel

312 1161 533 1211 Domini
575 1159 790 1220 famulo,
844 1158 923 1208 vel
966 1158 1201 1210 ministro
1239 1158 1433 1229 aliquid
1479 1159 1595 1210 inde
1632 1178 1766 1229 prae-

309 1250 451 1311 stare,
504 1250 582 1300 vel
610 1247 637 1299 a
663 1248 929 1318 praebenda
963 1248 1204 1298 Fratrum
1243 1247 1615 1317 quoquomodo
1642 1247 1765 1298 aba·

311 1341 496 1391 lienare
521 1338 815 1409 praesumat:
864 1336 944 1387 sed
965 1335 1114 1404 juxta
1142 1335 1212 1396 id,
1244 1336 1385 1406 quod
1408 1337 1598 1387 Sanetae
1617 1337 1767 1407 Apo-

310 1428 497 1479 stolicae
543 1427 653 1478 Sedi
699 1427 824 1494 Jure
866 1424 1151 1492 subjeetum
1195 1423 1289 1474 effe
1340 1423 1506 1485 debet,
1570 1436 1622 1475 et
1671 1424 1763 1476 sub

309 1516 690 1569 Mundiburbio
758 1515 967 1583 Regum
1017 1526 1068 1564 et
1120 1514 1498 1584 Imperatorum
1550 1514 1765 1576 constat,

306 1608 494 1678 absque
519 1606 665 1657 omni
707 1604 1106 1656 contradictione
1132 1604 1194 1654 ad
1220 1604 1336 1655 usus
1381 1602 1770 1656 Monachorum

307 1695 664 1770 perpetualiter
707 1705 1053 1765 permaneant.
1145 1694 1195 1744 Si
1243 1694 1356 1764 quis
1399 1706 1571 1744 autem
1604 1692 1769 1763 (quod

305 1787 455 1856 abfit)
511 1784 700 1836 nefario
743 1783 863 1834 ausu
890 1781 1259 1852 praesumpserit
1310 1780 1439 1843 haec,
1495 1800 1631 1852 quae,
1686 1783 1768 1834 vel

305 1875 334 1927 ὲ
378 1876 544 1936 nobis,
606 1886 694 1924 aut
737 1873 846 1924 aliis
895 1871 1340 1923 Praedecessoribus
1383 1872 1562 1923 nostris
1614 1873 1664 1922 S.
1693 1871 1764 1923 R.

307 1964 548 2017 Ecclefiae
591 1960 930 2014 Pontificibus
960 1960 1285 2012 Sanetiffimis
1313 1961 1375 2011 ad
1403 1961 1606 2012 laudem
1649 1978 1767 2011 orn-

310 2055 586 2126 nipotentis
635 2053 736 2103 Dei
791 2069 884 2121 pro
934 2050 1202 2101 stabilitate
1255 2050 1365 2118 jam
1415 2050 1538 2100 dieti
1589 2051 1765 2102 Vene-

310 2144 481 2196 rabilis
512 2141 748 2209 Coenobij
790 2140 973 2191 statuta
1021 2139 1155 2200 sunt,
1222 2138 1513 2208 infringere,
1575 2151 1663 2190 aut
1715 2141 1766 2191 in

311 2251 576 2304 quoquam
603 2231 788 2282 violare
831 2228 1095 2289 studuerit,
1143 2246 1205 2278 ex
1231 2226 1563 2278 Authoritate
1589 2230 1765 2279 omni-

316 2323 538 2394 potentis
569 2321 669 2371 Dei
704 2338 793 2389 per
834 2319 1179 2369 interventum
1208 2318 1349 2369 Beati
1377 2317 1513 2367 Petri
1540 2316 1767 2387 Aposto-

314 2412 485 2463 lorum
532 2409 803 2477 Principis,
858 2407 1003 2474 cujus
1031 2408 1141 2457 vice
1166 2406 1454 2476 fungimur,
1507 2417 1557 2455 et
1584 2405 1764 2457 nostrae

314 2500 621 2552 humilitatis
650 2497 959 2567 Apostolicae
1002 2496 1363 2548 constitutione
1408 2494 1763 2548 Anathematis

318 2590 526 2642 vinculo
553 2585 966 2640 inextricabiliter
991 2585 1315 2638 innodamUS.

1554 2865 1559 2870 ”
1627 2861 1762 2926 Dat.
