1986 3571
899 321 920 392 [
1001 338 1069 392 30
1145 318 1169 393 l

307 451 645 520 devotamque
671 447 1067 500 sollicitudinem
1101 447 1516 518 praedecefforum
1549 449 1750 502 nostro-

305 559 420 592 rum
439 541 644 607 Regum
661 549 711 587 et
729 538 1125 607 Imperatorum,
1151 537 1475 590 Constantini
1491 539 1747 601 videlicet,

299 630 477 681 samftae
505 627 716 679 Helenae
735 625 849 696 filij,
897 645 989 677 nec
1018 645 1121 678 non
1143 625 1440 689 Theodofii,
1489 628 1745 698 Mauritij,

302 716 604 788 Dagoberti,
632 717 857 787 Pippini,
896 715 978 766 sed
1002 727 1052 766 et
1071 717 1246 786 magni
1274 717 1470 778 Karoli,
1498 717 1749 770 aliorum-

301 826 402 878 que
427 807 539 878 post
556 805 671 858 illos
700 806 856 877 usque
881 805 942 857 ad
970 823 1062 856 nos
1100 807 1290 856 imitari
1334 808 1616 877 cupienteS,
1665 809 1745 858 A-

300 896 586 949 delheidam
636 895 911 966 conjugem
956 894 1179 946 nostram
1207 894 1580 948 dilectiffimam
1625 914 1748 948 cum

299 986 522 1039 Abbatia
543 989 592 1037 S.
615 984 863 1054 Johannis
887 983 1239 1054 Evangelistae,
1287 1003 1400 1054 quae
1425 986 1478 1036 in
1505 984 1746 1036 suburbio

300 1078 634 1129 Trevirorum
663 1077 752 1128 fita
776 1075 865 1137 est,
895 1075 985 1126 ubi
1014 1077 1063 1126 S.
1089 1075 1412 1127 Maximinus
1451 1072 1745 1147 pretiofiffi-

299 1186 416 1219 mus
446 1166 708 1218 Confeffor
731 1184 942 1236 corpore
967 1164 1198 1235 quiescit,
1228 1184 1350 1216 cum
1370 1165 1613 1216 omnibus
1635 1165 1744 1216 Ec-

299 1257 478 1318 clefiis,
522 1269 572 1307 et
598 1254 974 1326 poffeffionibus
1002 1253 1064 1305 ad
1098 1273 1210 1305 eam
1254 1255 1306 1305 in
1354 1254 1745 1325 quibuscunque

297 1345 568 1415 locisjuste
582 1358 631 1396 et
648 1345 872 1415 legaliter
888 1344 1278 1414 pertinentibus,
1294 1344 1421 1394 ficut
1436 1356 1598 1404 antea,
1621 1362 1744 1395 cum

297 1435 514 1507 nuptiali
533 1433 738 1495 foedere,
767 1446 817 1484 et
841 1430 1023 1502 Regali
1053 1432 1442 1483 Consecratione
1468 1451 1578 1483 eam
1598 1433 1744 1484 nobis

295 1526 644 1578 affociaremus
661 1525 714 1574 in
727 1524 971 1592 Regnum
989 1521 1121 1572 ultra
1137 1534 1337 1574 montes
1357 1523 1408 1572 in
1423 1522 1607 1572 Galliae
1626 1541 1744 1592 par-

298 1616 455 1676 tibus,
485 1615 554 1665 ita
573 1632 731 1674 nunc,
761 1624 810 1663 et
830 1613 882 1663 in
902 1609 998 1662 hac
1020 1612 1255 1662 Romana
1276 1610 1416 1673 urbe,
1444 1611 1747 1664 sanctiflimo

295 1705 404 1756 viro
423 1702 657 1772 Joharme
672 1702 875 1753 summo
904 1712 957 1752 et
974 1701 1239 1752 universali
1263 1701 1417 1771 Papa,
1447 1702 1587 1752 Beati
1607 1702 1746 1753 Petri

294 1793 533 1865 Apostoli
554 1794 720 1843 vicem
740 1803 962 1861 gerente,
985 1808 1076 1861 per
1095 1790 1406 1861 Apostolicae
1426 1790 1522 1842 suae
1542 1793 1743 1842 Auc'to-

296 1884 455 1936 ritatis
517 1880 852 1950 privilegium
904 1879 1258 1940 confirmante,
1349 1898 1471 1930 cum
1540 1879 1744 1950 praefata

297 1971 521 2026 Abbatia
544 1971 671 2020 ficut
692 1970 933 2040 primitus
962 1969 1014 2019 in
1034 1969 1297 2038 Regnum,
1354 1970 1423 2019 ita
1453 1981 1502 2019 et
1526 1988 1663 2020 nunc
1691 1970 1744 2020 in

300 2061 583 2132 Imperium
597 2059 853 2119 dotamus,
876 2057 1231 2119 sublimamus,
1252 2071 1300 2108 et
1322 2058 1738 2113 corroboramus:

294 2151 650 2220 Praecipientes
672 2147 923 2207 videlicet,
939 2159 988 2197 et
1009 2165 1096 2217 per
1115 2146 1215 2197 hoc
1236 2147 1413 2197 nostrae
1433 2149 1740 2200 auctoritatis

296 2221 627 2308 Privilegium
656 2234 937 2288 firmissime
964 2236 1303 2296 decernentes,
1336 2249 1391 2286 ut
1411 2236 1547 2287 idem
1574 2237 1739 2299 locus,

293 2330 379 2381 cui
406 2327 697 2379 venerabilis
727 2327 820 2386 vir,
863 2323 1167 2376 Williherus
1199 2325 1372 2376 Abbas
1405 2325 1516 2393 jam
1544 2326 1741 2396 praeefl‘e

295 2418 625 2489 dignoscitur,
654 2414 681 2466 a
703 2416 870 2484 Regni
890 2415 1006 2466 dote
1027 2434 1334 2485 quacunque
1361 2428 1464 2466 arte
1485 2416 1562 2466 vel
1592 2417 1738 2486 inge-

293 2510 399 2569 n-iO,
430 2524 695 2576 nunquam
712 2504 974 2565 avellatur,
1005 2523 1096 2555 nec
1117 2505 1269 2555 alicui
1289 2504 1419 2563 Sedi,
1451 2504 1528 2554 vel
1550 2506 1738 2557 Eccle-

295 2599 395 2658 fiae,
424 2614 515 2647 nec
538 2595 691 2646 alicui
720 2593 1098 2654 Ecclefiasticae,
1128 2592 1206 2643 vel
1234 2593 1504 2643 mundanae
1520 2594 1741 2663 personae

295 2686 506 2746 famula,
558 2696 644 2735 aut
682 2682 957 2753 Appendix
1005 2701 1234 2752 unquam
1278 2682 1546 2750 subjaceat.
1646 2685 1741 2736 Sed

294 2778 420 2828 ficut
446 2774 535 2826 sub
566 2772 984 2825 Praedecefforum
1012 2772 1319 2832 nostrorum,
1349 2772 1414 2822 sic
1450 2773 1540 2824 sub
1569 2773 1738 2825 nostro

294 2883 501 2937 quoque
539 2862 992 2933 Succefforumque
1016 2861 1324 2934 *nostrorum
1362 2862 1738 2916 Mundiburdio

1683 2965 1733 3005 et
