1986 3571
893 270 1161 342 [⁶6]

312 402 501 460 Nlater,
560 398 768 467 singulis
837 395 985 447 debet
1059 395 1298 446 Ecclefiis
1352 394 1559 445 instanti
1619 391 1754 461 vigi*

311 491 465 541 lantia
491 488 770 559 providere.
851 486 936 537 Ad
962 485 1122 555 ipsam
1149 487 1288 536 enim
1331 485 1468 555 quafi
1501 484 1563 535 ad
1602 492 1757 552 caput

307 591 357 630 et
380 580 606 629 Matrem
630 576 692 627 ab
720 575 961 627 omnibus
990 575 1060 625 est
1085 574 1513 635 concurrendum,
1567 585 1626 623 ut
1652 570 1758 640 ejus

311 667 583 718 visceribus
611 666 917 726 nutriantur,
964 663 1270 715 authoritate
1306 663 1655 723 defendantur,
1709 672 1761 712 et

311 756 338 808 a
363 757 460 807 suis
498 754 899 826 oppressionibus
945 753 1261 804 releventur:
1318 753 1562 804 condecet
1605 751 1762 821 igitur

299 859 359 897 ut
395 845 653 905 Ecclefiae,
701 859 751 895 et
777 842 1094 895 Venerabilia
1138 842 1269 904 loca,
1307 840 1530 893 maxime
1557 859 1670 912 quae
1696 838 1759 890 ad

305 935 515 1007 speciale
553 935 668 1002 Jus‚
725 945 776 984 et
820 932 1126 1003 singularem
1166 933 1528 1003 proprietatem
1567 931 1757 981 Sand‘cae

308 1028 556 1077 Romanae
619 1024 728 1093 (cui
784 1024 898 1074 Deo
949 1021 1161 1073 authore
1215 1021 1481 1090 servimus)
1536 1020 1760 1091 spthant

306 1115 565 1174 Ecclefiae‚
620 1113 920 1184 specialioris
966 1114 1306 1183 praerogativae
1346 1113 1616 1163 sortiantur
1656 1108 1756 1161 ho-

302 1223 500 1266 norem,
546 1215 595 1254 et
635 1202 944 1273 Apostolicae
971 1200 1315 1252 Authoritatis
1357 1201 1644 1252 munimine
1671 1218 1756 1251 ro-

305 1296 586 1346 borentur..
649 1290 1006 1361 Qamobrem
1046 1291 1248 1342 Dilecoe
1284 1292 1336 1341 in
1381 1291 1614 1341 Domino
1656 1289 1758 1341 Fili

307 1385 473 1454 Sigere
525 1381 722 1442 Abbas,
795 1383 915 1441 tuis,
977 1399 1035 1431 ac
1082 1393 1290 1431 tuorum
1334 1380 1573 1430 Fratrum
1610 1378 1758 1448 justis

303 1474 725 1547 postulationibus
763 1472 1066 1524 clementius
1095 1471 1326 1522 inclinati
1353 1470 1414 1521 ad
1441 1469 1593 1521 instar
1620 1469 1758 1520 Prae-

300 1563 612 1617 decessorum
639 1562 948 1623 nostrorum,
975 1563 1165 1612 Sanctae
1192 1560 1599 1620 Recordationis,
1622 1560 1757 1610 Gre-

300 1656 449 1727 gorij,
480 1656 710 1726 Agapiti,
739 1654 1009 1724 Johannis,
1040 1655 1166 1705 item
1192 1652 1463 1722 Johannis,
1492 1663 1542 1703 et
1569 1652 1756 1703 Leonis

303 1748 468 1808 Noni,
513 1749 870 1798 Romanorum
920 1745 1257 1806 Pontificum,
1303 1745 1444 1795 Beati
1478 1742 1758 1794 Maximini

301 1836 529 1889 Monast.
570 1837 654 1886 cui
682 1833 918 1886 Authore
954 1835 1187 1885 Domino
1214 1832 1438 1903 praefides
1468 1831 1558 1883 sub
1586 1831 1757 1901 Apos-

266 1967 273 1973 .
303 1927 471 1979 tolicae
498 1926 633 1977 Sedis
679 1925 854 1985 tutela,
901 1936 950 1974 et
980 1924 1300 1975 protectione
1335 1922 1654 1993 suscipimus,
1708 1934 1756 1972 et

300 2016 529 2089 praesenti
549 2014 821 2085 Privilegio
841 2014 1248 2065 communimus.

376 2194 656 2245 Statuimus
702 2192 860 2254 enim,
931 2204 989 2243 ut
1045 2191 1382 2262 quascunque
1441 2190 1759 2262 poffeffiones

301 2302 621 2355 quaecunque
658 2282 791 2333 bona
817 2284 869 2334 in
898 2281 1161 2343 Ecclefiis,
1192 2282 1366 2342 Villis,
1413 2282 1554 2331 terris
1583 2280 1756 2338 cultis,

299 2374 380 2425 vel
407 2373 635 2433 incultis,
687 2372 769 2422 seu
807 2372 914 2421 aliis
948 2352 1094 2422 rebus
1143 2371 1279 2421 idem
1305 2370 1677 2421 NIonasterium
1706 2371 1757 2420 in

299 2461 676 2535 praesentiarum
697 2459 831 2526 juste
858 2472 908 2510 et
945 2458 1174 2529 legitime
1200 2459 1432 2529 poffidet,
1477 2472 1564 2510 aut
1589 2460 1643 2510 in
1670 2459 1754 2510 fu-

305 2565 483 2603 turum
504 2548 819 2600 conceffione
839 2548 1176 2610 Pontificum,
1192 2548 1518 2599 Liberalitate
1530 2549 1756 2618 Regum,

305 2642 703 2710 Imperatorum,
742 2638 820 2689 vel
845 2638 1167 2708 Principum,
1200 2637 1477 2688 Oblatione
1504 2637 1756 2699 fidelium,

304 2731 387 2780 seu
423 2730 531 2781 aliis
553 2730 700 2799 justis
729 2729 915 2790 modis,
963 2730 1078 2780 Deo
1108 2731 1351 2800 propitio,
1397 2732 1583 2800 poterit
1610 2730 1755 2800 adip-

302 2819 409 2882 isci,
441 2819 574 2892 tibi,¹
593 2820 790 2892 tuisque
819 2819 1212 2882 SuccefibribUS‚
1256 2838 1314 2871 ac
1342 2819 1603 2872 Fratribus
1632 2819 1759 2870 inibi

1524 2909 1756 2961 Domino
